@inproceedings{D1-2,
 author = {Adrian Liehner  and Jülf Freudenberger},
 title = {Software Reuse},
 booktitle = {Seminar Software-Engineering (HOR-TINF20)},
 pages = {11--33},
 eventdate = {2022-13-12/2022-14-10},
 publisher = {Gesellschaft f\"{u}r Informatik e.V.},
 year = {2022},
 doi = {01},
}

@inproceedings{D1-3,
 author = {Fabian Klimpel  and Lukas Epple  and Raphael Sack},
 title = {Auswirkungen von SOA},
 booktitle = {Seminar Software-Engineering (HOR-TINF20)},
 pages = {35--64},
 eventdate = {2022-13-12/2022-14-10},
 publisher = {Gesellschaft f\"{u}r Informatik e.V.},
 year = {2022},
 doi = {02},
}

@inproceedings{D1-4,
 author = {Gabriel Sperling  and Reinhold Jooß},
 title = {Infrastructure as Code},
 booktitle = {Seminar Software-Engineering (HOR-TINF20)},
 pages = {65--88},
 eventdate = {2022-13-12/2022-14-10},
 publisher = {Gesellschaft f\"{u}r Informatik e.V.},
 year = {2022},
 doi = {03},
}

@inproceedings{D2-1,
 author = {Jonathan Schwab  and Felix Wochele  and Jonas Weis},
 title = {Intelligente Werkzeuge SWE},
 booktitle = {Seminar Software-Engineering (HOR-TINF20)},
 pages = {91--123},
 eventdate = {2022-13-12/2022-14-10},
 publisher = {Gesellschaft f\"{u}r Informatik e.V.},
 year = {2022},
 doi = {04},
}

@inproceedings{D2-2,
 author = {Jannik Dürr  and Dominic Joas  and Ruben Kalmbach},
 title = {Hybride Applikationen},
 booktitle = {Seminar Software-Engineering (HOR-TINF20)},
 pages = {125--157},
 eventdate = {2022-13-12/2022-14-10},
 publisher = {Gesellschaft f\"{u}r Informatik e.V.},
 year = {2022},
 doi = {05},
}

@inproceedings{D2-3,
 author = {Alicia Dietrich  and Nick Dürr  and Jan Perthel},
 title = {Untersuchung von Web-Usability Prinzipien und Evaluation zweier Webshops},
 booktitle = {Seminar Software-Engineering (HOR-TINF20)},
 pages = {159--201},
 eventdate = {2022-13-12/2022-14-10},
 publisher = {Gesellschaft f\"{u}r Informatik e.V.},
 year = {2022},
 doi = {06},
}

@inproceedings{D2-4,
 author = {Niklas Arnold  and Luca Negron-Martinez},
 title = {Everything-as-a-Service},
 booktitle = {Seminar Software-Engineering (HOR-TINF20)},
 pages = {203--221},
 eventdate = {2022-13-12/2022-14-10},
 publisher = {Gesellschaft f\"{u}r Informatik e.V.},
 year = {2022},
 doi = {07},
}

@inproceedings{D2-5,
 author = {Robin Epple  and Timo Vollert},
 title = {Resilienz in Systemarchitekturen},
 booktitle = {Seminar Software-Engineering (HOR-TINF20)},
 pages = {223--239},
 eventdate = {2022-13-12/2022-14-10},
 publisher = {Gesellschaft f\"{u}r Informatik e.V.},
 year = {2022},
 doi = {08},
}

@inproceedings{D2-6,
 author = {Fabian Heinl  and Philipp Kremling},
 title = {Green IT},
 booktitle = {Seminar Software-Engineering (HOR-TINF20)},
 pages = {241--264},
 eventdate = {2022-13-12/2022-14-10},
 publisher = {Gesellschaft f\"{u}r Informatik e.V.},
 year = {2022},
 doi = {09},
}

