%% This BibTeX bibliography file was created using BibDesk.
%% https://bibdesk.sourceforge.io/

%% Created for Ingmar at 2022-12-06 18:30:57 +0100 


%% Saved with string encoding Unicode (UTF-8) 



@article{Berk:2004:Requirements:3,
	abstract = {This paper examines the concept of Quality in Software Engineering, its different contexts and its different meanings to various people. It begins with a commentary on quality issues for systems development and various stakeholders' involvement. It revisits aspects and concepts of systems development methods and highlights the relevance of quality issues to the choice of a process model. A summarised review of some families of methods is presented, where their application domain, lifecycle coverage, strengths and weaknesses are considered. Under the new development era the requirements of software development change; the role of methods and stakeholders change, too. The paper refers to the latest developments in the area of software engineering and emphasises the shift from traditional conceptual modelling to requirements engineering and process metamodelling principles. We provide support for an emerging discipline in the form of a software process metamodel to cover new issues for software quality and process improvement. The widening of the horizons of software engineering both as a `communication tool'and as a `scientific discipline'(and not as a `craft') is needed in order to support both communicative and scientific quality systems properties. In general, we can consider such a discipline as a thinking tool for understanding the generic process and as the origin of combining intuition and quality engineering to transform requirements to adequate human-centred information systems. We conclude with a schematic representation of a Generic Process Metamodel (GPM) indicating facets contributed by Software Engineering, Computer Science, Information Systems, Mathematics, Linguistics, Sociology and Anthropology. Ongoing research and development issues have provided evidence for influence from even more diverse disciplines.},
	author = {Berki, Eleni and Georgiadou, Elli and Holcombe, Mike},
	date-added = {2022-12-05 10:21:09 +0100},
	date-modified = {2022-12-05 10:21:09 +0100},
	doi = {10.1023/B:SQJO.0000034711.87241.f0},
	journaltitle = {{Software Quality Journal}},
	number = {3},
	pages = {265--283},
	pagination = {page},
	title = {{Requirements Engineering and Process Modelling in Software Quality Management---Towards a Generic Process Metamodel}},
	volume = {12},
	year = {2004},
	bdsk-url-1 = {https://doi.org/10.1023/B:SQJO.0000034711.87241.f0}}

@book{Buns:2008:Vorgehensmodelle:,
	author = {Bunse, Christian and von Knethen, Antje},
	date-added = {2022-12-05 10:21:09 +0100},
	date-modified = {2022-12-05 10:21:09 +0100},
	edition = {2. Aufl.},
	isbn = {3827419506},
	language = {ger},
	location = {Heidelberg},
	pagetotal = {181},
	publisher = {{Spektrum Akad. Verl.}},
	series = {{kompakt-Reihe}},
	title = {{Vorgehensmodelle kompakt}},
	year = {2008}}

@book{Dros:1999:V:,
	abstract = {Main description: Das V-Modell als Entwicklungsstandard f{\"u}r IT-Systeme des Bundes ist seit 1992 in der {\"o}ffentlichen Verwaltung wie auch im industriellen Bereich im Einsatz. Dieses Buch ber{\"u}cksichtigt die Erfahrungen, die bisher bei der Anwendung gewonnen wurden. Es dient dem Anwender als Einstiegshilfe, bringt die wesentlichen Inhalte in leicht lesbarer Form und bietet einen sehr guten Zugang zum Text des Standards. Erfahrene Anwender geben eine F{\"u}lle von Tipps und Tricks aus der Praxis und Hinweise auf technologisch neue Felder:- Einf{\"u}hrung in das V-Modell- Entwicklungsbegleitung und Steuerung- Tipps und Tricks- Neue Technologien und Vorgehensweisen- Einf{\"u}hrung und Anwendung das V-Modells Da dieses Buch von Anwendern f{\"u}r Anwender geschrieben wurde, bietet es sich als Unterst{\"u}tzung f{\"u}r Schulungsma{\ss}nahmen ebenso an wie f{\"u}r die pers{\"o}nliche Fortbildung. Neben Einf{\"u}hrungstexten, Praxisberichten und Ausblicken auf die Zukunft liegen auch die wichtigsten Texte des V-Modells vor.},
	author = {Dr{\"o}schel, Wolfgang and Wiemers, Manuela},
	date-added = {2022-12-05 10:21:09 +0100},
	date-modified = {2022-12-05 10:21:09 +0100},
	doi = {10.1515/9783486800265},
	isbn = {978-3-486-25086-2},
	language = {ger},
	location = {M{\"u}nchen},
	note = {Dr{\"o}schel, Wolfgang (Edited by) Wiemers, Manuela (Edited by)},
	pagetotal = {696},
	publisher = {{De Gruyter Oldenbourg}},
	subtitle = {{Der Standard f{\"u}r die Entwicklung von IT-Systemen mit Anleitung f{\"u}r den Praxiseinsatz}},
	title = {{Das V-Modell 97}},
	year = {1999},
	bdsk-url-1 = {https://doi.org/10.1515/9783486800265}}

@book{Frie:2009:V:,
	author = {Friedrich, Jan and Hammerschall, Ulrike and Kuhrmann, Marco and Sihling, Marc},
	date-added = {2022-12-05 10:21:09 +0100},
	date-modified = {2022-12-06 18:17:58 +0100},
	edition = {2. Aufl. 2009},
	isbn = {9783642014888},
	language = {ger},
	location = {Berlin, Heidelberg},
	pagetotal = {162},
	publisher = {{Springer Berlin Heidelberg}},
	series = {{Informatik im Fokus}},
	subtitle = {{F{\"u}r Projektleiter und QS-Verantwortliche kompakt und {\"u}bersichtlich}},
	title = {{Das V-Modell{\circledR} XT}},
	url = {http://nbn-resolving.org/urn:nbn:de:bsz:31-epflicht-1525884},
	year = {2009},
	bdsk-url-1 = {http://nbn-resolving.org/urn:nbn:de:bsz:31-epflicht-1525884}}

@book{Goll:2011:Methoden:,
	abstract = {Der Autor des vorliegenden Buches wendet sich in 1. Linie an Studierende der Informatik an Hochschulen und Softwareentwickler in der Praxis. Er will deutlich machen, dass es sich bei der Softwareentwicklung um einen weitestgehend standardisierten, methodischen Entwicklungsprozess handelt. In seinem Buch geht er ausf{\"u}hrlich auf die einzelnen Schritte der Softwareentwicklung ein und stellt f{\"u}r jeden Schritt bew{\"a}hrte Entwurfs- und Architekturmuster vor, die als Bausteine verwendet werden k{\"o}nnen. Lauff{\"a}hige Beispiele erm{\"o}glichen eine gute Pr{\"u}fung, inwieweit diese Muster f{\"u}r eigene Projekte einsetzbar sind. Ein besonderer Schwerpunkt liegt beim Testen fertiger Projekte. Auf speziellere Fragen wie das Gestalten von Benutzeroberfl{\"a}chen oder Dialogtechniken geht das Buch kaum ein. Didaktisch sehr gut gestaltet: {\textquotedbl}Lernk{\"a}stchen{\textquotedbl} erm{\"o}glichen eine gezielte Wiederholung des Stoffes; {\textquotedbl}Warnk{\"a}stchen{\textquotedbl} geben Hinweise zur Vermeidung typischer schwerwiegender Anf{\"a}ngerfehler. Viele einfachere {\"U}bungsaufgaben am Ende der einzelnen Kapitel. - Gut einsetzbar neben dem umfassenden Basiswerk von T. Posch (ID-G 25/11). (3)},
	author = {Goll, Joachim},
	date-added = {2022-12-05 10:21:09 +0100},
	date-modified = {2022-12-05 10:21:09 +0100},
	doi = {10.1007/978-3-8348-8164-9},
	edition = {1. Aufl.},
	file = {Goll 2011 - Methoden und Architekturen der Softwaretechnik:Attachments/Goll 2011 - Methoden und Architekturen der Softwaretechnik.pdf:application/pdf},
	isbn = {978-3-8348-1578-1},
	language = {ger},
	location = {Wiesbaden},
	pagetotal = {1013},
	publisher = {{Vieweg + Teubner}},
	series = {{Studium}},
	title = {{Methoden und Architekturen der Softwaretechnik}},
	year = {2011},
	bdsk-url-1 = {https://doi.org/10.1007/978-3-8348-8164-9}}

@book{Hoff:2008:Software:,
	author = {Hoffmann, Dirk W.},
	date-added = {2022-12-05 10:21:09 +0100},
	date-modified = {2022-12-05 10:21:09 +0100},
	isbn = {9783540763239},
	language = {ger},
	location = {Berlin, Heidelberg},
	note = {Hoffmann, Dirk W. (VerfasserIn)},
	pagetotal = {568},
	publisher = {{Springer Berlin Heidelberg}},
	series = {{eXamen.press}},
	title = {{Software-Qualit{\"a}t}},
	url = {http://nbn-resolving.org/urn:nbn:de:bsz:31-epflicht-1527236},
	year = {2008},
	bdsk-url-1 = {http://nbn-resolving.org/urn:nbn:de:bsz:31-epflicht-1527236}}

@book{Hohn:2008:V:,
	author = {H{\"o}hn, Reinhard and Rausch, A. and Broy, M. and H{\"o}ppner, Stephan and Petrasch, R. and Biffl, S. and Wagner, R. and Hesse, W. and Bergner, K.},
	date-added = {2022-12-05 10:21:09 +0100},
	date-modified = {2022-12-06 18:17:33 +0100},
	isbn = {9783540302506},
	language = {ger},
	location = {Berlin, Heidelberg},
	pagetotal = {612},
	publisher = {{Springer Berlin Heidelberg}},
	series = {{eXamen.press}},
	subtitle = {{Grundlagen, Methodik und Anwendungen}},
	title = {{Das V-Modell XT}},
	url = {http://nbn-resolving.org/urn:nbn:de:bsz:31-epflicht-1577588},
	year = {2008},
	bdsk-url-1 = {http://nbn-resolving.org/urn:nbn:de:bsz:31-epflicht-1577588}}

@misc{IJC:2015:Related:,
	author = {{Adel Alshamrani} and {Abdullah Bahattab}},
	date = {2015-01-01},
	date-added = {2022-12-05 10:21:09 +0100},
	date-modified = {2022-12-05 10:21:09 +0100},
	doi = {10.2307/j.ctt46nrzt.12},
	file = {SDLC-with-cover-page-v2{\_}important:Attachments/SDLC-with-cover-page-v2{\_}important.pdf:application/pdf},
	pagerange = {7},
	pages = {191--199},
	pagination = {page},
	title = {{A Comparison Between Three SDLC MODELS}},
	year = {2015},
	bdsk-url-1 = {https://doi.org/10.2307/j.ctt46nrzt.12}}

@article{Kyer:2019:Overview:,
	author = {Kyeremeh, Kwadwo},
	date-added = {2022-12-05 10:21:09 +0100},
	date-modified = {2022-12-05 10:21:09 +0100},
	doi = {10.2139/ssrn.3448536},
	journaltitle = {{SSRN Electronic Journal}},
	shortjournal = {SSRN Journal},
	title = {{Overview of System Development Life Cycle Models}},
	year = {2019},
	bdsk-url-1 = {https://doi.org/10.2139/ssrn.3448536}}

@book{Ligg:2009:Software:,
	author = {Liggesmeyer, Peter},
	date-added = {2022-12-05 10:21:09 +0100},
	date-modified = {2022-12-05 10:21:09 +0100},
	edition = {2. Aufl. 2009},
	isbn = {9783827422033},
	language = {ger},
	location = {Heidelberg},
	note = {Liggesmeyer, Peter (VerfasserIn)},
	pagetotal = {526},
	publisher = {{Spektrum Akademischer Verlag}},
	subtitle = {{Testen, Analysieren und Verifizieren von Software}},
	title = {{Software-Qualit{\"a}t}},
	url = {http://nbn-resolving.org/urn:nbn:de:bsz:31-epflicht-1619634},
	year = {2009},
	bdsk-url-1 = {http://nbn-resolving.org/urn:nbn:de:bsz:31-epflicht-1619634}}

@book{Lude:2007:Software:,
	author = {Ludewig, Jochen and Lichter, Horst},
	date-added = {2022-12-05 10:21:09 +0100},
	date-modified = {2022-12-05 10:21:09 +0100},
	edition = {1. Aufl.},
	isbn = {9783898642682},
	language = {ger},
	location = {Heidelberg},
	pagetotal = {618},
	publisher = {dpunkt-Verl.},
	subtitle = {{Grundlagen, Menschen, Prozesse, Techniken}},
	title = {{Software Engineering}},
	url = {http://bvbr.bib-bvb.de:8991/F?func=service&doc_library=BVB01&doc_number=012989845&line_number=0002&func_code=DB_RECORDS&service_type=MEDIA},
	year = {2007},
	bdsk-url-1 = {http://bvbr.bib-bvb.de:8991/F?func=service&doc_library=BVB01&doc_number=012989845&line_number=0002&func_code=DB_RECORDS&service_type=MEDIA}}

@article{Meye:1992:Applying:1,
	author = {Meyer, B.},
	date-added = {2022-12-05 10:21:09 +0100},
	date-modified = {2022-12-05 10:21:09 +0100},
	doi = {10.1109/2.161279},
	file = {Meyer 1992 - Applying 'design by contract':Attachments/Meyer 1992 - Applying 'design by contract'.pdf:application/pdf},
	issn = {0018-9162},
	journaltitle = {{Computer}},
	number = {10},
	pages = {40--51},
	pagination = {page},
	title = {{Applying 'design by contract'}},
	volume = {25},
	year = {1992},
	bdsk-url-1 = {https://doi.org/10.1109/2.161279}}

@book{Meye:2018:Softwareentwicklung:,
	abstract = {Ein kompaktes Nachschlagewerk, geballt mit viel Wissen! Dieser praxisorientierte Kompass liefert Informationen {\"u}ber das gesamte Themenspektrum der Softwareentwicklung: Projektmanagement, Requirements Engineering, Softwarearchitektur, Programmierung und Qualit{\"a}tssicherung. Ob es sich um ein Projekt im Bereich Web, Desktop, Mobile, IoT, Big Data oder Cloud handelt, es finden sich viele Tipps und Tricks f{\"u}r die t{\"a}gliche Arbeit. Dieses Buch unterst{\"u}tzt Entscheidungstr{\"a}ger bei der Wahl von Hardware, Plattformen, Programmiersprachen, Tools und Librarys. Es hilft weiter bei Fragen zur Sicherheit, zum Monitoring des produktiven Systems und zur Dokumentation. In der Praxis immer wiederkehrende bew{\"a}hrte Muster werden kurz und b{\"u}ndig erkl{\"a}rt. Erfahrungen mit verschiedenen Vorgehensmodellen werden diskutiert, vom Wasserfall bis zu agilen Prozessen. Sowohl Berufseinsteiger als auch erfahrene Professionals finden hier konkrete L{\"o}sungsideen f{\"u}r die Herausforderungen im Berufsalltag und Hinweise zu weiterf{\"u}hrender Literatur.},
	author = {Meyer, Albin},
	date-added = {2022-12-05 10:21:09 +0100},
	date-modified = {2022-12-05 10:21:09 +0100},
	doi = {10.1515/9783110578379},
	editor = {Meyer, Albin},
	isbn = {3110575809},
	keywords = {Softwareentwicklung. Agile Softwareentwicklung. Requirements engineering. Agile Methoden.. Big Data.. Cloud.. Informatik.. Microservices.. Softwareentwicklung},
	language = {Deutsch},
	location = {Berlin and M{\"u}nchen and Boston},
	note = {Mode of access: Internet via World Wide Web Text (nur f{\"u}r elektronische Ressourcen)},
	publisher = {{De Gruyter Oldenbourg}},
	title = {{Softwareentwicklung: Ein Kompass f{\"u}r die Praxis}},
	year = {2018},
	bdsk-url-1 = {https://doi.org/10.1515/9783110578379}}

@online{Misr:02122022:MISRA:,
	author = {{Misra Association}},
	date-added = {2022-12-05 10:21:09 +0100},
	date-modified = {2022-12-05 10:21:09 +0100},
	title = {{MISRA}},
	url = {https://www.misra.org.uk/},
	urldate = {2022-12-02},
	year = {02/12/2022},
	bdsk-url-1 = {https://www.misra.org.uk/}}

@book{Myer:2012:art:,
	abstract = {The classic, landmark work on software testing The hardware and software of computing have changed markedly in the three decades since the first edition of The Art of Software Testing , but this book's powerful underlying analysis has stood the test of time. Whereas most books on software testing target particular development techniques, languages, or testing methods, The Art of Software Testing, Third Edition provides a brief but powerful and comprehensive presentation of time-proven software testing approaches. If your software development project is mission critical, this book is an investment that will pay for itself with the first bug you find. The new Third Edition explains how to apply the book's classic principles to today's hot topics including: Testing apps for iPhones, iPads, BlackBerrys, Androids, and other mobile devices Collaborative (user) programming and testing Testing for Internet applications, e-commerce, and agile programming environments Whether you're a student looking for a testing guide you'll use for the rest of your career, or an IT manager overseeing a software development team, The Art of Software Testing, Third Edition is an expensive book that will pay for itself many times over.},
	author = {Myers, Glenford J.},
	date-added = {2022-12-05 10:21:09 +0100},
	date-modified = {2022-12-06 18:18:33 +0100},
	edition = {3rd ed.},
	editorc = {Sandler, Corey and Badgett, Tom},
	editorctype = {collaborator},
	isbn = {9781118133156},
	language = {eng},
	location = {Hoboken, N.J.},
	publisher = {{J. Wiley {\&} Sons}},
	title = {{The art of software testing}},
	url = {https://learning.oreilly.com/library/view/-/9781118133156/?ar},
	year = {2012},
	bdsk-url-1 = {https://learning.oreilly.com/library/view/-/9781118133156/?ar}}

@book{Schn:2012:Abenteuer:,
	author = {Schneider, Kurt},
	date-added = {2022-12-05 10:21:09 +0100},
	date-modified = {2022-12-05 10:21:09 +0100},
	title = {{Abenteuer Softwarequalit{\"a}t: Grundlagen und Verfahren f{\"u}r Qualit{\"a}tssicherung und Qualit{\"a}tsmanagement}},
	year = {2012}}

@online{TryQA:24102022:What:1,
	author = {Adel, Alshamrani and Abdullah, Bahattab},
	date-added = {2022-12-05 10:21:09 +0100},
	date-modified = {2022-12-05 10:21:09 +0100},
	title = {{What is Waterfall model- Examples, advantages, disadvantages {\&} when to use it?}},
	url = {http://tryqa.com/what-is-waterfall-model-advantages-disadvantages-and-when-to-use-it/},
	urldate = {2022-11-18},
	year = {2015},
	bdsk-url-1 = {http://tryqa.com/what-is-waterfall-model-advantages-disadvantages-and-when-to-use-it/}}

@online{TryQa:24102022:What:2,
	author = {Adel, Alshamrani and Abdullah, Bahattab},
	date-added = {2022-12-05 10:21:09 +0100},
	date-modified = {2022-12-05 10:21:09 +0100},
	title = {{What is V-model- advantages, disadvantages and when to use it?}},
	url = {http://tryqa.com/what-is-v-model-advantages-disadvantages-and-when-to-use-it/},
	urldate = {2022-11-18},
	year = {2015},
	bdsk-url-1 = {http://tryqa.com/what-is-v-model-advantages-disadvantages-and-when-to-use-it/}}

@article{Vans:2014:Software:,
	abstract = {Software Development Life Cycle is a well defined and systematic approach, practiced for the development of a reliable high quality software system. There are tons of SDLC models available. This paper deals with five of those SDLC models, namely; Waterfall model, Iterative model, V-shaped model, Spiral model, agile model. Each development model has certain advantages and disadvantages. The paper begins with the discussion to the introduction of SDLC, followed by the comprehensive comparison among the various SDLC models.},
	author = {{Vanshika Rastogi}},
	date-added = {2022-12-05 10:21:09 +0100},
	date-modified = {2022-12-05 10:21:09 +0100},
	title = {{Software Development Life Cycle Models-Comparison , Consequences}},
	url = {https://www.semanticscholar.org/paper/Software-Development-Life-Cycle-Models-Comparison-%2C-Rastogi/577cfae86ee8bd01d64783c1c6d240523bea3b03#extracted},
	year = {2014},
	bdsk-url-1 = {https://www.semanticscholar.org/paper/Software-Development-Life-Cycle-Models-Comparison-%2C-Rastogi/577cfae86ee8bd01d64783c1c6d240523bea3b03#extracted}}

@www{Driessen:2010:A-successful:47,
	author = {Driessen, Vincent},
	date-added = {2022-12-04 21:30:32 +0100},
	date-modified = {2022-12-04 21:30:54 +0100},
	title = {A successful Git branching model},
	url = {https://nvie.com/posts/a-successful-git-branching-model/},
	year = {2010},
	bdsk-url-1 = {https://nvie.com/posts/a-successful-git-branching-model/}}

@www{Ruka:2015:GitFlow:46,
	author = {Ruka, Adam},
	date-added = {2022-12-04 20:02:18 +0100},
	date-modified = {2022-12-04 20:02:31 +0100},
	title = {GitFlow considered harmful},
	url = {https://www.endoflineblog.com/gitflow-considered-harmful},
	year = {2015},
	bdsk-url-1 = {https://www.endoflineblog.com/gitflow-considered-harmful}}

@www{Mercurial-Community:2022:Mercurial:74,
	author = {{Mercurial Community}},
	date-added = {2022-12-04 19:27:05 +0100},
	date-modified = {2022-12-04 19:28:23 +0100},
	title = {Mercurial - Work easier - Work faster},
	url = {https://www.mercurial-scm.org},
	year = {2022},
	bdsk-url-1 = {https://www.mercurial-scm.org}}

@www{The-Apache-Software-Foundation:2022:Apache:94,
	author = {{The Apache Software Foundation}},
	date-added = {2022-12-04 19:25:19 +0100},
	date-modified = {2022-12-04 19:25:56 +0100},
	title = {Apache Subversion},
	url = {https://subversion.apache.org},
	year = {2022},
	bdsk-url-1 = {https://subversion.apache.org}}

@www{Microsoft:2022:What:67,
	author = {{Microsoft}},
	date-added = {2022-12-04 19:24:11 +0100},
	date-modified = {2022-12-04 19:24:36 +0100},
	title = {What is Team Foundation Version Control},
	url = {https://learn.microsoft.com/en-us/azure/devops/repos/tfvc/what-is-tfvc?view=azure-devops},
	year = {2022},
	bdsk-url-1 = {https://learn.microsoft.com/en-us/azure/devops/repos/tfvc/what-is-tfvc?view=azure-devops}}

@www{Chacon:2022:git---local-branching-on-the-cheap:32,
	author = {Chacon, Scott and Long, Jason},
	date-added = {2022-12-04 19:21:55 +0100},
	date-modified = {2022-12-04 19:23:31 +0100},
	title = {git --local-branching-on-the-cheap},
	url = {https://git-scm.com},
	year = {2022},
	bdsk-url-1 = {https://git-scm.com}}

@book{Dalton:2019:Great:62,
	author = {Dalton, Jeff},
	booktitle = {Great Big Agile},
	date-added = {2022-12-04 15:16:37 +0100},
	date-modified = {2022-12-04 15:18:57 +0100},
	location = {New York},
	publisher = {Springer Science+Business Media},
	subtitle = {An OS for Agile Leaders},
	title = {Great Big Agile},
	year = {2019}}

@article{Hackman:1970:Effects:85,
	abstract = {The effects of group size (2 through 7 members) and certain task characteristics (production, discussion, and problem solving type tasks) on group performance and member reactions were assessed. Subjects were students at two universities who performed three 15-minute tasks. Results showed that size had negligible effects on performance characteristics and strong effects on member reactions. Dyads tended to be most satisfied, and dissatisfaction increased in approximately linear fashion for larger groups. Type of task strongly affected both performance characteristics and member reactions. Contrary to expectations, there were no substantial interactions between size and task type in predicting member reactions or group performance. Several implications of the results were discussed: (a) the uniqueness of dyads in comparison to other groups sizes; (b) the question of what is the "optimal" group size; (c) the means by which the strong effects of task type may take place; and (d) questions raised by the finding that some substantial differences were obtained for subjects run at the two different universities.},
	author = {Hackman, J. Richard and Vidmar, Neil},
	date-added = {2022-12-04 15:07:40 +0100},
	date-modified = {2022-12-04 15:10:12 +0100},
	issn = {00380431},
	journal = {Sociometry},
	journaltitle = {Sociometry},
	number = {1},
	pages = {37--54},
	publisher = {[American Sociological Association, Sage Publications, Inc.]},
	title = {Effects of Size and Task Type on Group Performance and Member Reactions},
	url = {http://www.jstor.org/stable/2786271},
	urldate = {2022-12-04},
	volume = {33},
	year = {1970},
	bdsk-url-1 = {http://www.jstor.org/stable/2786271}}

@book{Scholz:2005:Softwareentwicklung:09,
	author = {Scholz, Peter},
	booktitle = {Softwareentwicklung eingebetteter Systeme},
	date-added = {2022-12-04 15:03:01 +0100},
	date-modified = {2022-12-04 15:03:52 +0100},
	location = {Berlin, Heidelberg},
	publisher = {Springer-Verlag},
	subtitle = {Grundlagen, Modellierung, Qualit{\"a}tssicherung},
	title = {Softwareentwicklung eingebetteter Systeme},
	year = {2005}}

@book{Versteegen:2000:Projektmanagement:25,
	author = {Versteegen, Gerhard},
	date-added = {2022-12-04 12:05:07 +0100},
	date-modified = {2022-12-04 12:06:44 +0100},
	location = {Berlin, Heidelberg},
	publisher = {Springer-Verlag},
	title = {Projektmanagement mit dem Rational Unified Process},
	year = {2000}}

@www{LeRoy:2017:Twitter:38,
	author = {LeRoy, Jonny},
	date-added = {2022-12-04 11:13:16 +0100},
	date-modified = {2022-12-04 11:16:44 +0100},
	title = {How to draw a branching diagram},
	url = {https://twitter.com/jahnnie/status/937917022247120898},
	urlday = {4},
	urlmonth = {12},
	urlyear = {2022},
	year = {2017},
	bdsk-url-1 = {https://twitter.com/jahnnie/status/937917022247120898}}

@book{Hughes:2015:Agile:05,
	author = {Hughes, Ralph},
	booktitle = {Agile Data Warehousing for the Enterprise},
	date-added = {2022-12-04 09:55:11 +0100},
	date-modified = {2022-12-04 09:57:44 +0100},
	location = {Amsterdam, Boston, Heidelberg, London, New York},
	publisher = {Morgan Kaufmann},
	subtitle = {A Guide for Solutions Architects and Project Leaders},
	title = {Agile Data Warehousing for the Enterprise},
	year = {2015}}

@www{Shiklo:2019:8-Vorgehensmodelle:12,
	author = {Shiklo, Boris},
	date-added = {2022-12-03 15:44:59 +0100},
	date-modified = {2022-12-03 15:45:32 +0100},
	title = {8 Vorgehensmodelle der Softwareentwicklung: mit Grafiken erkl{\"a}rt},
	url = {https://www.scnsoft.de/blog/vorgehensmodelle-der-softwareentwicklung},
	year = {2019},
	bdsk-url-1 = {https://www.scnsoft.de/blog/vorgehensmodelle-der-softwareentwicklung}}

@www{Chacon:2011:GitHub:63,
	author = {Chacon, Scott},
	date-added = {2022-12-03 12:19:39 +0100},
	date-modified = {2022-12-03 12:20:08 +0100},
	title = {GitHub Flow},
	url = {http://scottchacon.com/2011/08/31/github-flow.html},
	urlday = {2},
	urlmonth = {12},
	urlyear = {2022},
	year = {2011},
	bdsk-url-1 = {http://scottchacon.com/2011/08/31/github-flow.html}}

@www{Ruka:2022:Big-Tech:06,
	author = {Ruka, Adam},
	date-added = {2022-12-02 20:14:38 +0100},
	date-modified = {2022-12-02 20:15:11 +0100},
	title = {Big Tech uses neither Agile nor Waterfall},
	url = {https://www.endoflineblog.com/big-tech-uses-neither-agile-nor-waterfall},
	urlday = {2},
	urlmonth = {12},
	urlyear = {2022},
	year = {2022},
	bdsk-url-1 = {https://www.endoflineblog.com/big-tech-uses-neither-agile-nor-waterfall}}

@www{Antony:2021:5-Different:04,
	author = {Antony, Anish},
	date-added = {2022-12-02 20:03:49 +0100},
	date-modified = {2022-12-02 20:04:26 +0100},
	title = {5 Different Git Workflows},
	url = {https://medium.com/javarevisited/5-different-git-workflows-50f75d8783a7},
	urlday = {2},
	urlmonth = {12},
	urlyear = {2022},
	year = {2021},
	bdsk-url-1 = {https://medium.com/javarevisited/5-different-git-workflows-50f75d8783a7}}

@www{Gehman:2019:How-Git-LFS-Works::74,
	author = {Gehman, Chuck},
	date-added = {2022-12-02 19:25:05 +0100},
	date-modified = {2022-12-02 19:25:43 +0100},
	title = {How Git LFS Works: Overview of Git Large File Storage},
	url = {https://www.perforce.com/blog/vcs/how-git-lfs-works},
	urlday = {2},
	urlmonth = {12},
	urlyear = {2022},
	year = {2019},
	bdsk-url-1 = {https://www.perforce.com/blog/vcs/how-git-lfs-works}}

@www{Kenlon:2016:Hot-to-manage:74,
	author = {Kenlon, Seth},
	date-added = {2022-12-02 19:19:32 +0100},
	date-modified = {2022-12-02 19:20:14 +0100},
	title = {Hot to manage binary blobs with Git},
	url = {https://opensource.com/life/16/8/how-manage-binary-blobs-git-part-7},
	urlday = {2},
	urlmonth = {12},
	urlyear = {2022},
	year = {2016},
	bdsk-url-1 = {https://opensource.com/life/16/8/how-manage-binary-blobs-git-part-7}}

@www{Siemens:2010:SIMATIC:00,
	author = {Siemens},
	date-added = {2022-12-02 19:12:06 +0100},
	date-modified = {2022-12-02 19:12:40 +0100},
	title = {SIMATIC - Programming with STEP 7 - Manual},
	url = {https://docs.rs-online.com/6409/0900766b80f27089.pdf},
	year = {2010},
	bdsk-url-1 = {https://docs.rs-online.com/6409/0900766b80f27089.pdf}}

@www{Community:2022:Blender:13,
	author = {{Blender Community}},
	date-added = {2022-12-02 18:51:19 +0100},
	date-modified = {2022-12-02 19:35:52 +0100},
	title = {Blender 3.5 Nutzerhandbuch - Assets, Files \& Data System},
	url = {https://docs.blender.org/manual/de/dev/files/introduction.html},
	urlday = {2},
	urlmonth = {12},
	urlyear = {2022},
	year = {2022},
	bdsk-url-1 = {https://docs.blender.org/manual/de/dev/files/introduction.html}}

@book{Kruchten:1999:Der-Rational:67,
	author = {Kruchten, Philippe},
	booktitle = {Der Rational Unified Process. Eine Einf{\"u}hrung},
	date-added = {2022-11-27 19:52:22 +0100},
	date-modified = {2022-11-27 19:54:21 +0100},
	location = {M{\"u}nchen},
	publisher = {Addison Wesley},
	title = {Der Rational Unified Process. Eine Einf{\"u}hrung},
	year = {1999}}

@www{McMillan:2021:A-History:58,
	author = {McMillan, Taryn},
	date-added = {2022-11-27 16:24:03 +0100},
	date-modified = {2022-11-27 16:24:28 +0100},
	title = {A History of Version Control},
	url = {https://blog.tarynmcmillan.com/a-history-of-version-control},
	year = {2021},
	bdsk-url-1 = {https://blog.tarynmcmillan.com/a-history-of-version-control}}

@www{GNU:2022:GNU-RCS:22,
	author = {GNU},
	date-added = {2022-11-27 16:21:26 +0100},
	date-modified = {2022-11-27 16:22:19 +0100},
	title = {GNU RCS},
	url = {https://www.gnu.org/software/rcs/},
	year = {2022},
	bdsk-url-1 = {https://www.gnu.org/software/rcs/}}

@www{Museum:2022:The-IEBUPDAT:75,
	author = {{Computer History Museum}},
	date-added = {2022-11-27 16:05:49 +0100},
	date-modified = {2022-12-06 18:30:57 +0100},
	title = {The IEBUPDAT Program},
	url = {https://www.computerhistory.org/collections/catalog/102713291},
	year = {2022},
	bdsk-url-1 = {https://www.computerhistory.org/collections/catalog/102713291}}

@www{IBM:2022:Quick:56,
	author = {IBM},
	date-added = {2022-11-27 16:03:25 +0100},
	date-modified = {2022-11-27 16:04:08 +0100},
	title = {Quick References for IBM Mainframe Programming},
	url = {https://ibmmainframes.com/references/a20.html},
	urlday = {26},
	urlmonth = {11},
	urlyear = {2022},
	year = {2022},
	bdsk-url-1 = {https://ibmmainframes.com/references/a20.html}}

@www{Fowler:2020:Patterns:07,
	author = {Fowler, Martin},
	date-added = {2022-11-26 19:16:49 +0100},
	date-modified = {2022-11-26 19:17:09 +0100},
	title = {Patterns for Managing Source Code Branches},
	url = {https://martinfowler.com/articles/branching-patterns.html},
	year = {2020},
	bdsk-url-1 = {https://martinfowler.com/articles/branching-patterns.html}}

@www{Ruka:2017:OneFlow:24,
	author = {Ruka, Adam},
	date-added = {2022-11-26 18:13:24 +0100},
	date-modified = {2022-11-26 18:14:13 +0100},
	title = {OneFlow - a Git branching model and workflow},
	url = {https://www.endoflineblog.com/oneflow-a-git-branching-model-and-workflow},
	urlday = {26},
	urlmonth = {11},
	urlyear = {2022},
	year = {2017},
	bdsk-url-1 = {https://www.endoflineblog.com/oneflow-a-git-branching-model-and-workflow}}

@article{CORTESRIOS2022106811,
	abstract = {Context:
Git is a popular distributed version control system that provides flexibility and robustness for software development projects. Several workflows have been proposed to codify the way project contributors work collaboratively with Git. Some workflows are highly prescriptive while others allow more leeway but do not provide the same level of code quality assurance, thus, preventing their comparison to determine the most suitable for a specific set of requirements, or to ascertain if a workflow is being properly followed.
Objective:
In this paper, we propose a novel feature-based framework for describing Git workflows, based on a study of 26 existing instances. The framework enables workflows' comparison, to discern how, and to what extent, they exploit Git capabilities for collaborative software development.
Methods:
The framework uses feature-based modelling to map Git capabilities, regularly expressed as contribution guidelines, and a set of features that can be impartially applied to all the workflows considered. Through this framework, each workflow was characterised based on their publicly available descriptions. The characterisations were then vectorised and processed using hierarchical clustering to determine workflows' similarities and to identify which features are most popular, and more relevant for discriminatory purposes.
Results:
Comparative analysis evidenced that some workflows claiming to be closely related, when described and then characterised, turned out to have more differences than similarities. The analysis also showed that most workflows focus on the branching and code integration strategies, whilst others emphasise subtle differences from other popular workflows or describe a specific development route and are, thus, widely reused.
Conclusion:
The characterisation and clustering analysis demonstrated that our framework can be used to compare and analyse Git workflows.},
	author = {Julio C{\'e}sar {Cort{\'e}s R{\'\i}os} and Suzanne M. Embury and Sukru Eraslan},
	date-added = {2022-11-15 12:20:52 +0100},
	date-modified = {2022-11-15 12:20:52 +0100},
	doi = {https://doi.org/10.1016/j.infsof.2021.106811},
	issn = {0950-5849},
	journal = {Information and Software Technology},
	keywords = {Git, Workflows, Feature-based modelling, Version control, Branching},
	pages = {106811},
	title = {A unifying framework for the systematic analysis of Git workflows},
	url = {https://www.sciencedirect.com/science/article/pii/S0950584921002433},
	volume = {145},
	year = {2022},
	bdsk-url-1 = {https://www.sciencedirect.com/science/article/pii/S0950584921002433},
	bdsk-url-2 = {https://doi.org/10.1016/j.infsof.2021.106811}}

@inproceedings{Uzunbayir:2018:A-Review:81,
	author = {Uzunbayir, Serhat and Kurtel, Kaan},
	booktitle = {2018 3rd International Conference on Computer Science and Engineering (UBMK)},
	date-added = {2022-11-15 11:47:49 +0100},
	date-modified = {2022-11-15 11:48:01 +0100},
	doi = {10.1109/UBMK.2018.8566644},
	pages = {414-419},
	title = {A Review of Source Code Management Tools for Continuous Software Development},
	year = {2018},
	bdsk-file-1 = {YnBsaXN0MDDSAQIDBFxyZWxhdGl2ZVBhdGhZYWxpYXNEYXRhXxCOMjAxOCAtIFV6dW5iYXlpciAtIEEgUmV2aWV3IG9mIFNvdXJjZSBDb2RlIE1hbmFnZW1lbnQgVG9vbHMgLSBBX1Jldmlld19vZl9Tb3VyY2VfQ29kZV9NYW5hZ2VtZW50X1Rvb2xzX2Zvcl9Db250aW51b3VzX1NvZnR3YXJlX0RldmVsb3BtZW50LnBkZk8RA3YAAAAAA3YAAgAACk1hY0Jvb2tQcm8AAAAAAAAAAAAAAAAAAAAAAAAAAABCRAAB/////x8yMDE4IC0gVXp1bmJheWlyIC0jRkZGRkZGRkYucGRmAAAAAAAAAAAAAAAAAAAAAAAAAAAAAAAAAAAAAAAAAAD/////AAAAAAAAAAAAAAAAAAEAAgAACiBjdQAAAAAAAAAAAAAAAAAJTGl0ZXJhdHVyAAACAL8vOlVzZXJzOkluZ21hcjpDb2Rpbmc6U291cmNlczpESEJXX0FTRTpMaXRlcmF0dXI6MjAxOCAtIFV6dW5iYXlpciAtIEEgUmV2aWV3IG9mIFNvdXJjZSBDb2RlIE1hbmFnZW1lbnQgVG9vbHMgLSBBX1Jldmlld19vZl9Tb3VyY2VfQ29kZV9NYW5hZ2VtZW50X1Rvb2xzX2Zvcl9Db250aW51b3VzX1NvZnR3YXJlX0RldmVsb3BtZW50LnBkZgAADgEeAI4AMgAwADEAOAAgAC0AIABVAHoAdQBuAGIAYQB5AGkAcgAgAC0AIABBACAAUgBlAHYAaQBlAHcAIABvAGYAIABTAG8AdQByAGMAZQAgAEMAbwBkAGUAIABNAGEAbgBhAGcAZQBtAGUAbgB0ACAAVABvAG8AbABzACAALQAgAEEAXwBSAGUAdgBpAGUAdwBfAG8AZgBfAFMAbwB1AHIAYwBlAF8AQwBvAGQAZQBfAE0AYQBuAGEAZwBlAG0AZQBuAHQAXwBUAG8AbwBsAHMAXwBmAG8AcgBfAEMAbwBuAHQAaQBuAHUAbwB1AHMAXwBTAG8AZgB0AHcAYQByAGUAXwBEAGUAdgBlAGwAbwBwAG0AZQBuAHQALgBwAGQAZgAPABYACgBNAGEAYwBCAG8AbwBrAFAAcgBvABIAvVVzZXJzL0luZ21hci9Db2RpbmcvU291cmNlcy9ESEJXX0FTRS9MaXRlcmF0dXIvMjAxOCAtIFV6dW5iYXlpciAtIEEgUmV2aWV3IG9mIFNvdXJjZSBDb2RlIE1hbmFnZW1lbnQgVG9vbHMgLSBBX1Jldmlld19vZl9Tb3VyY2VfQ29kZV9NYW5hZ2VtZW50X1Rvb2xzX2Zvcl9Db250aW51b3VzX1NvZnR3YXJlX0RldmVsb3BtZW50LnBkZgAAEwABLwAAFQACAA3//wAAAAgADQAaACQAtQAAAAAAAAIBAAAAAAAAAAUAAAAAAAAAAAAAAAAAAAQv},
	bdsk-url-1 = {https://doi.org/10.1109/UBMK.2018.8566644}}

@www{Inc.:2022:Compare:44,
	author = {{Synopsys Inc.}},
	date-added = {2022-11-15 11:32:42 +0100},
	date-modified = {2022-12-06 18:30:34 +0100},
	title = {Compare Repositories},
	url = {https://www.openhub.net/repositories/compare},
	urlday = {15},
	urlmonth = {11},
	urlyear = {2022},
	year = {2022},
	bdsk-url-1 = {https://www.openhub.net/repositories/compare}}

@www{research:2018:Scrum:67,
	author = {bitkom research},
	date-added = {2022-11-14 10:20:35 +0100},
	date-modified = {2022-11-14 10:21:28 +0100},
	title = {Scrum - K{\"o}nig unter den agilen Methoden},
	url = {https://www.bitkom-research.de/de/pressemitteilung/scrum-koenig-unter-den-agilen-methoden},
	year = {2018},
	bdsk-url-1 = {https://www.bitkom-research.de/de/pressemitteilung/scrum-koenig-unter-den-agilen-methoden}}

@article{Highsmith:2001:Agile:02,
	author = {Highsmith, J. and Cockburn, A.},
	date-added = {2022-11-14 10:17:12 +0100},
	date-modified = {2022-11-14 10:17:42 +0100},
	doi = {10.1109/2.947100},
	journal = {Computer},
	journaltitle = {Computer},
	number = {9},
	pages = {120-127},
	title = {Agile software development: the business of innovation},
	volume = {34},
	year = {2001},
	bdsk-file-1 = {YnBsaXN0MDDSAQIDBFxyZWxhdGl2ZVBhdGhZYWxpYXNEYXRhXxCEMjAwMSAtIEhpZ2hzbWl0aCAtIEFnaWxlIHNvZnR3YXJlIGRldmVsb3BtZW50IHRoZSBidXNpbmVzcyBvZiBpbm5vdmF0aW9uIC0gQWdpbGVfc29mdHdhcmVfZGV2ZWxvcG1lbnRfdGhlX2J1c2luZXNzX29mX2lubm92YXRpb24ucGRmTxEDTgAAAAADTgACAAAKTWFjQm9va1BybwAAAAAAAAAAAAAAAAAAAAAAAAAAAEJEAAH/////HzIwMDEgLSBIaWdoc21pdGggLSNGRkZGRkZGRi5wZGYAAAAAAAAAAAAAAAAAAAAAAAAAAAAAAAAAAAAAAAAAAP////8AAAAAAAAAAAAAAAAAAQACAAAKIGN1AAAAAAAAAAAAAAAAAAlMaXRlcmF0dXIAAAIAtS86VXNlcnM6SW5nbWFyOkNvZGluZzpTb3VyY2VzOkRIQldfQVNFOkxpdGVyYXR1cjoyMDAxIC0gSGlnaHNtaXRoIC0gQWdpbGUgc29mdHdhcmUgZGV2ZWxvcG1lbnQgdGhlIGJ1c2luZXNzIG9mIGlubm92YXRpb24gLSBBZ2lsZV9zb2Z0d2FyZV9kZXZlbG9wbWVudF90aGVfYnVzaW5lc3Nfb2ZfaW5ub3ZhdGlvbi5wZGYAAA4BCgCEADIAMAAwADEAIAAtACAASABpAGcAaABzAG0AaQB0AGgAIAAtACAAQQBnAGkAbABlACAAcwBvAGYAdAB3AGEAcgBlACAAZABlAHYAZQBsAG8AcABtAGUAbgB0ACAAdABoAGUAIABiAHUAcwBpAG4AZQBzAHMAIABvAGYAIABpAG4AbgBvAHYAYQB0AGkAbwBuACAALQAgAEEAZwBpAGwAZQBfAHMAbwBmAHQAdwBhAHIAZQBfAGQAZQB2AGUAbABvAHAAbQBlAG4AdABfAHQAaABlAF8AYgB1AHMAaQBuAGUAcwBzAF8AbwBmAF8AaQBuAG4AbwB2AGEAdABpAG8AbgAuAHAAZABmAA8AFgAKAE0AYQBjAEIAbwBvAGsAUAByAG8AEgCzVXNlcnMvSW5nbWFyL0NvZGluZy9Tb3VyY2VzL0RIQldfQVNFL0xpdGVyYXR1ci8yMDAxIC0gSGlnaHNtaXRoIC0gQWdpbGUgc29mdHdhcmUgZGV2ZWxvcG1lbnQgdGhlIGJ1c2luZXNzIG9mIGlubm92YXRpb24gLSBBZ2lsZV9zb2Z0d2FyZV9kZXZlbG9wbWVudF90aGVfYnVzaW5lc3Nfb2ZfaW5ub3ZhdGlvbi5wZGYAABMAAS8AABUAAgAN//8AAAAIAA0AGgAkAKsAAAAAAAACAQAAAAAAAAAFAAAAAAAAAAAAAAAAAAAD/Q==},
	bdsk-url-1 = {https://doi.org/10.1109/2.947100}}

@article{Rising:2000:The-Scrum:95,
	author = {Rising, L. and Janoff, N.S.},
	date-added = {2022-11-14 10:14:33 +0100},
	date-modified = {2022-11-14 10:15:04 +0100},
	doi = {10.1109/52.854065},
	journal = {IEEE Software},
	journaltitle = {IEEE Software},
	number = {4},
	pages = {26-32},
	title = {The Scrum software development process for small teams},
	volume = {17},
	year = {2000},
	bdsk-file-1 = {YnBsaXN0MDDSAQIDBFxyZWxhdGl2ZVBhdGhZYWxpYXNEYXRhXxB9MjAwMCAtIFJpc2luZyAtIFRoZSBTY3J1bSBzb2Z0d2FyZSBkZXZlbG9wbWVudCBwcm9jZXNzIGZvciBzbWFsbCAtIFRoZV9TY3J1bV9zb2Z0d2FyZV9kZXZlbG9wbWVudF9wcm9jZXNzX2Zvcl9zbWFsbF90ZWFtcy5wZGZPEQMwAAAAAAMwAAIAAApNYWNCb29rUHJvAAAAAAAAAAAAAAAAAAAAAAAAAAAAQkQAAf////8fMjAwMCAtIFJpc2luZyAtIFRoI0ZGRkZGRkZGLnBkZgAAAAAAAAAAAAAAAAAAAAAAAAAAAAAAAAAAAAAAAAAA/////wAAAAAAAAAAAAAAAAABAAIAAAogY3UAAAAAAAAAAAAAAAAACUxpdGVyYXR1cgAAAgCuLzpVc2VyczpJbmdtYXI6Q29kaW5nOlNvdXJjZXM6REhCV19BU0U6TGl0ZXJhdHVyOjIwMDAgLSBSaXNpbmcgLSBUaGUgU2NydW0gc29mdHdhcmUgZGV2ZWxvcG1lbnQgcHJvY2VzcyBmb3Igc21hbGwgLSBUaGVfU2NydW1fc29mdHdhcmVfZGV2ZWxvcG1lbnRfcHJvY2Vzc19mb3Jfc21hbGxfdGVhbXMucGRmAA4A/AB9ADIAMAAwADAAIAAtACAAUgBpAHMAaQBuAGcAIAAtACAAVABoAGUAIABTAGMAcgB1AG0AIABzAG8AZgB0AHcAYQByAGUAIABkAGUAdgBlAGwAbwBwAG0AZQBuAHQAIABwAHIAbwBjAGUAcwBzACAAZgBvAHIAIABzAG0AYQBsAGwAIAAtACAAVABoAGUAXwBTAGMAcgB1AG0AXwBzAG8AZgB0AHcAYQByAGUAXwBkAGUAdgBlAGwAbwBwAG0AZQBuAHQAXwBwAHIAbwBjAGUAcwBzAF8AZgBvAHIAXwBzAG0AYQBsAGwAXwB0AGUAYQBtAHMALgBwAGQAZgAPABYACgBNAGEAYwBCAG8AbwBrAFAAcgBvABIArFVzZXJzL0luZ21hci9Db2RpbmcvU291cmNlcy9ESEJXX0FTRS9MaXRlcmF0dXIvMjAwMCAtIFJpc2luZyAtIFRoZSBTY3J1bSBzb2Z0d2FyZSBkZXZlbG9wbWVudCBwcm9jZXNzIGZvciBzbWFsbCAtIFRoZV9TY3J1bV9zb2Z0d2FyZV9kZXZlbG9wbWVudF9wcm9jZXNzX2Zvcl9zbWFsbF90ZWFtcy5wZGYAEwABLwAAFQACAA3//wAAAAgADQAaACQApAAAAAAAAAIBAAAAAAAAAAUAAAAAAAAAAAAAAAAAAAPY},
	bdsk-url-1 = {https://doi.org/10.1109/52.854065}}

@report{Filss:2005:Rahmen:99,
	author = {Fil{\ss}, Christop and H{\"o}hn, Reihnhard and H{\"o}ppner, Stephan and Schumacher, Martin and Wetzel, Herbert},
	date-added = {2022-11-13 13:36:28 +0100},
	date-modified = {2022-11-13 13:39:04 +0100},
	title = {Rahmen zur Auswahl von Vorgehensmodellen},
	titleaddon = {Arbeitsbericht der GI Fachgruppe WI-VM - Arbeitskreis "Vorgehensmodelltypen"},
	type = {Arbeitsbericht},
	year = {2005},
	bdsk-file-1 = {YnBsaXN0MDDSAQIDBFxyZWxhdGl2ZVBhdGhZYWxpYXNEYXRhbxBVADIAMAAwADUAIAAtACAARgBpAGwA3wAgAC0AIABSAGEAaABtAGUAbgAgAHoAdQByACAAQQB1AHMAdwBhAGgAbAAgAHYAbwBuACAAVgBvAHIAZwBlAGgAZQBuAHMAbQBvAGQAZQBsAGwAZQBuACAALQAgAG0AcwBfAEEAcgBiAGUAaQB0AHMAYgBlAHIAaQBjAGgAdABXAEkALQBWAE0AMAA1AC4AcABkAGZPEQKUAAAAAAKUAAIAAApNYWNCb29rUHJvAAAAAAAAAAAAAAAAAAAAAAAAAAAAQkQAAf////8fMjAwNSAtIEZpbKcgLSBSYWhtI0ZGRkZGRkZGLnBkZgAAAAAAAAAAAAAAAAAAAAAAAAAAAAAAAAAAAAAAAAAA/////wAAAAAAAAAAAAAAAAABAAIAAAogY3UAAAAAAAAAAAAAAAAACUxpdGVyYXR1cgAAAgCHLzpVc2VyczpJbmdtYXI6Q29kaW5nOlNvdXJjZXM6REhCV19BU0U6TGl0ZXJhdHVyOjIwMDUgLSBGaWzDnyAtIFJhaG1lbiB6dXIgQXVzd2FobCB2b24gVm9yZ2VoZW5zbW9kZWxsZW4gLSBtc19BcmJlaXRzYmVyaWNodFdJLVZNMDUucGRmAAAOAKwAVQAyADAAMAA1ACAALQAgAEYAaQBsAN8AIAAtACAAUgBhAGgAbQBlAG4AIAB6AHUAcgAgAEEAdQBzAHcAYQBoAGwAIAB2AG8AbgAgAFYAbwByAGcAZQBoAGUAbgBzAG0AbwBkAGUAbABsAGUAbgAgAC0AIABtAHMAXwBBAHIAYgBlAGkAdABzAGIAZQByAGkAYwBoAHQAVwBJAC0AVgBNADAANQAuAHAAZABmAA8AFgAKAE0AYQBjAEIAbwBvAGsAUAByAG8AEgCFVXNlcnMvSW5nbWFyL0NvZGluZy9Tb3VyY2VzL0RIQldfQVNFL0xpdGVyYXR1ci8yMDA1IC0gRmlsw58gLSBSYWhtZW4genVyIEF1c3dhaGwgdm9uIFZvcmdlaGVuc21vZGVsbGVuIC0gbXNfQXJiZWl0c2JlcmljaHRXSS1WTTA1LnBkZgAAEwABLwAAFQACAA3//wAAAAgADQAaACQA0QAAAAAAAAIBAAAAAAAAAAUAAAAAAAAAAAAAAAAAAANp}}

@article{Hron:2022:Why-and-how-is-Scrum:30,
	abstract = {Scrum, recognized today as the most popular agile development methodology, has been used in a wide range of settings and for varying purposes, in- and outside of the traditional software development context. The use of Scrum in non-traditional settings and for different needs led to a considerable corpus of academic literature that investigates, presents, and discusses modifications to the original method, aimed to make it fit such novel forms of application. Based on a large-scale review of extant literature, this study systematically analyses why and how Scrum was reportedly modified in different instances and contributes with a synthesis that can serve as a basis for a more systematic approach to future research and practice. We explicate nine common modification objectives for change (e.g., attaining high performance, non-standard contexts, distributed development) mapped against seven generic modification strategies (e.g., method guidance, new procedures, or artifacts). Building on our extensive literature analysis we highlight research gaps and identify promising areas for future research.},
	author = {Hron, Michal and Obwegeser, Nikolaus},
	date-added = {2022-11-13 12:25:46 +0100},
	date-modified = {2022-11-13 12:26:25 +0100},
	doi = {https://doi.org/10.1016/j.jss.2021.111110},
	issn = {0164-1212},
	journal = {Journal of Systems and Software},
	keywords = {Scrum, Agile development, Systematic literature review, Information systems development},
	pages = {111110},
	title = {Why and how is Scrum being adapted in practice: A systematic review},
	url = {https://www.sciencedirect.com/science/article/pii/S0164121221002077},
	volume = {183},
	year = {2022},
	bdsk-url-1 = {https://www.sciencedirect.com/science/article/pii/S0164121221002077},
	bdsk-url-2 = {https://doi.org/10.1016/j.jss.2021.111110}}

@manual{Schwaber:2020:The-Scrum:15,
	author = {Schwaber, Ken and Sutherland, Jeff},
	date-added = {2022-11-13 12:13:37 +0100},
	date-modified = {2022-11-13 12:19:14 +0100},
	title = {The Scrum Guide: The Definitive Guide to Scrum: The Rules of the Game},
	url = {https://scrumguides.org},
	year = {2020},
	bdsk-file-1 = {YnBsaXN0MDDSAQIDBFxyZWxhdGl2ZVBhdGhZYWxpYXNEYXRhXxBZMjAyMCAtIFNjaHdhYmVyIC0gVGhlIFNjcnVtIEd1aWRlIFRoZSBEZWZpbml0aXZlIEd1aWRlIHRvIFNjcnVtIC0gMjAyMC1TY3J1bS1HdWlkZS1VUy5wZGZPEQKgAAAAAAKgAAIAAApNYWNCb29rUHJvAAAAAAAAAAAAAAAAAAAAAAAAAAAAQkQAAf////8fMjAyMCAtIFNjaHdhYmVyIC0gI0ZGRkZGRkZGLnBkZgAAAAAAAAAAAAAAAAAAAAAAAAAAAAAAAAAAAAAAAAAA/////wAAAAAAAAAAAAAAAAABAAIAAAogY3UAAAAAAAAAAAAAAAAACUxpdGVyYXR1cgAAAgCKLzpVc2VyczpJbmdtYXI6Q29kaW5nOlNvdXJjZXM6REhCV19BU0U6TGl0ZXJhdHVyOjIwMjAgLSBTY2h3YWJlciAtIFRoZSBTY3J1bSBHdWlkZSBUaGUgRGVmaW5pdGl2ZSBHdWlkZSB0byBTY3J1bSAtIDIwMjAtU2NydW0tR3VpZGUtVVMucGRmAA4AtABZADIAMAAyADAAIAAtACAAUwBjAGgAdwBhAGIAZQByACAALQAgAFQAaABlACAAUwBjAHIAdQBtACAARwB1AGkAZABlACAAVABoAGUAIABEAGUAZgBpAG4AaQB0AGkAdgBlACAARwB1AGkAZABlACAAdABvACAAUwBjAHIAdQBtACAALQAgADIAMAAyADAALQBTAGMAcgB1AG0ALQBHAHUAaQBkAGUALQBVAFMALgBwAGQAZgAPABYACgBNAGEAYwBCAG8AbwBrAFAAcgBvABIAiFVzZXJzL0luZ21hci9Db2RpbmcvU291cmNlcy9ESEJXX0FTRS9MaXRlcmF0dXIvMjAyMCAtIFNjaHdhYmVyIC0gVGhlIFNjcnVtIEd1aWRlIFRoZSBEZWZpbml0aXZlIEd1aWRlIHRvIFNjcnVtIC0gMjAyMC1TY3J1bS1HdWlkZS1VUy5wZGYAEwABLwAAFQACAA3//wAAAAgADQAaACQAgAAAAAAAAAIBAAAAAAAAAAUAAAAAAAAAAAAAAAAAAAMk},
	bdsk-url-1 = {https://scrumguides.org/}}

@inproceedings{Tudoroiu:2009:Investigations:91,
	author = {Tudoroiu, Roxana-Elena and Cretu, Vladimir and Paquet, Joey},
	booktitle = {2009 International Multiconference on Computer Science and Information Technology},
	date-added = {2022-11-13 12:09:54 +0100},
	date-modified = {2022-11-13 12:10:54 +0100},
	doi = {10.1109/IMCSIT.2009.5352791},
	pages = {523-530},
	title = {Investigations using the rational unified process (RUP) diagrams for software process modeling},
	year = {2009},
	bdsk-file-1 = {YnBsaXN0MDDSAQIDBFxyZWxhdGl2ZVBhdGhZYWxpYXNEYXRhXxCmMjAwOSAtIFR1ZG9yb2l1IC0gSW52ZXN0aWdhdGlvbnMgdXNpbmcgdGhlIHJhdGlvbmFsIHVuaWZpZWQgcHJvY2VzcyAtIEludmVzdGlnYXRpb25zX3VzaW5nX3RoZV9yYXRpb25hbF91bmlmaWVkX3Byb2Nlc3NfUlVQX2RpYWdyYW1zX2Zvcl9zb2Z0d2FyZV9wcm9jZXNzX21vZGVsaW5nLnBkZk8RA9YAAAAAA9YAAgAACk1hY0Jvb2tQcm8AAAAAAAAAAAAAAAAAAAAAAAAAAABCRAAB/////x8yMDA5IC0gVHVkb3JvaXUgLSAjRkZGRkZGRkYucGRmAAAAAAAAAAAAAAAAAAAAAAAAAAAAAAAAAAAAAAAAAAD/////AAAAAAAAAAAAAAAAAAEAAgAACiBjdQAAAAAAAAAAAAAAAAAJTGl0ZXJhdHVyAAACANcvOlVzZXJzOkluZ21hcjpDb2Rpbmc6U291cmNlczpESEJXX0FTRTpMaXRlcmF0dXI6MjAwOSAtIFR1ZG9yb2l1IC0gSW52ZXN0aWdhdGlvbnMgdXNpbmcgdGhlIHJhdGlvbmFsIHVuaWZpZWQgcHJvY2VzcyAtIEludmVzdGlnYXRpb25zX3VzaW5nX3RoZV9yYXRpb25hbF91bmlmaWVkX3Byb2Nlc3NfUlVQX2RpYWdyYW1zX2Zvcl9zb2Z0d2FyZV9wcm9jZXNzX21vZGVsaW5nLnBkZgAADgFOAKYAMgAwADAAOQAgAC0AIABUAHUAZABvAHIAbwBpAHUAIAAtACAASQBuAHYAZQBzAHQAaQBnAGEAdABpAG8AbgBzACAAdQBzAGkAbgBnACAAdABoAGUAIAByAGEAdABpAG8AbgBhAGwAIAB1AG4AaQBmAGkAZQBkACAAcAByAG8AYwBlAHMAcwAgAC0AIABJAG4AdgBlAHMAdABpAGcAYQB0AGkAbwBuAHMAXwB1AHMAaQBuAGcAXwB0AGgAZQBfAHIAYQB0AGkAbwBuAGEAbABfAHUAbgBpAGYAaQBlAGQAXwBwAHIAbwBjAGUAcwBzAF8AUgBVAFAAXwBkAGkAYQBnAHIAYQBtAHMAXwBmAG8AcgBfAHMAbwBmAHQAdwBhAHIAZQBfAHAAcgBvAGMAZQBzAHMAXwBtAG8AZABlAGwAaQBuAGcALgBwAGQAZgAPABYACgBNAGEAYwBCAG8AbwBrAFAAcgBvABIA1VVzZXJzL0luZ21hci9Db2RpbmcvU291cmNlcy9ESEJXX0FTRS9MaXRlcmF0dXIvMjAwOSAtIFR1ZG9yb2l1IC0gSW52ZXN0aWdhdGlvbnMgdXNpbmcgdGhlIHJhdGlvbmFsIHVuaWZpZWQgcHJvY2VzcyAtIEludmVzdGlnYXRpb25zX3VzaW5nX3RoZV9yYXRpb25hbF91bmlmaWVkX3Byb2Nlc3NfUlVQX2RpYWdyYW1zX2Zvcl9zb2Z0d2FyZV9wcm9jZXNzX21vZGVsaW5nLnBkZgAAEwABLwAAFQACAA3//wAAAAgADQAaACQAzQAAAAAAAAIBAAAAAAAAAAUAAAAAAAAAAAAAAAAAAASn},
	bdsk-url-1 = {https://doi.org/10.1109/IMCSIT.2009.5352791}}

@inproceedings{Noordeloos:2012:From:55,
	author = {Noordeloos, Ramon and Manteli, Christina and Vliet, Hans Van},
	booktitle = {2012 IEEE Seventh International Conference on Global Software Engineering},
	date-added = {2022-11-13 12:08:36 +0100},
	date-modified = {2022-11-13 12:08:55 +0100},
	doi = {10.1109/ICGSE.2012.11},
	pages = {31-40},
	title = {From RUP to Scrum in Global Software Development: A Case Study},
	year = {2012},
	bdsk-file-1 = {YnBsaXN0MDDSAQIDBFxyZWxhdGl2ZVBhdGhZYWxpYXNEYXRhXxCIMjAxMiAtIE5vb3JkZWxvb3MgLSBGcm9tIFJVUCB0byBTY3J1bSBpbiBHbG9iYWwgU29mdHdhcmUgRGV2ZWxvcG1lbnQgLSBGcm9tX1JVUF90b19TY3J1bV9pbl9HbG9iYWxfU29mdHdhcmVfRGV2ZWxvcG1lbnRfQV9DYXNlX1N0dWR5LnBkZk8RA14AAAAAA14AAgAACk1hY0Jvb2tQcm8AAAAAAAAAAAAAAAAAAAAAAAAAAABCRAAB/////x8yMDEyIC0gTm9vcmRlbG9vcyAjRkZGRkZGRkYucGRmAAAAAAAAAAAAAAAAAAAAAAAAAAAAAAAAAAAAAAAAAAD/////AAAAAAAAAAAAAAAAAAEAAgAACiBjdQAAAAAAAAAAAAAAAAAJTGl0ZXJhdHVyAAACALkvOlVzZXJzOkluZ21hcjpDb2Rpbmc6U291cmNlczpESEJXX0FTRTpMaXRlcmF0dXI6MjAxMiAtIE5vb3JkZWxvb3MgLSBGcm9tIFJVUCB0byBTY3J1bSBpbiBHbG9iYWwgU29mdHdhcmUgRGV2ZWxvcG1lbnQgLSBGcm9tX1JVUF90b19TY3J1bV9pbl9HbG9iYWxfU29mdHdhcmVfRGV2ZWxvcG1lbnRfQV9DYXNlX1N0dWR5LnBkZgAADgESAIgAMgAwADEAMgAgAC0AIABOAG8AbwByAGQAZQBsAG8AbwBzACAALQAgAEYAcgBvAG0AIABSAFUAUAAgAHQAbwAgAFMAYwByAHUAbQAgAGkAbgAgAEcAbABvAGIAYQBsACAAUwBvAGYAdAB3AGEAcgBlACAARABlAHYAZQBsAG8AcABtAGUAbgB0ACAALQAgAEYAcgBvAG0AXwBSAFUAUABfAHQAbwBfAFMAYwByAHUAbQBfAGkAbgBfAEcAbABvAGIAYQBsAF8AUwBvAGYAdAB3AGEAcgBlAF8ARABlAHYAZQBsAG8AcABtAGUAbgB0AF8AQQBfAEMAYQBzAGUAXwBTAHQAdQBkAHkALgBwAGQAZgAPABYACgBNAGEAYwBCAG8AbwBrAFAAcgBvABIAt1VzZXJzL0luZ21hci9Db2RpbmcvU291cmNlcy9ESEJXX0FTRS9MaXRlcmF0dXIvMjAxMiAtIE5vb3JkZWxvb3MgLSBGcm9tIFJVUCB0byBTY3J1bSBpbiBHbG9iYWwgU29mdHdhcmUgRGV2ZWxvcG1lbnQgLSBGcm9tX1JVUF90b19TY3J1bV9pbl9HbG9iYWxfU29mdHdhcmVfRGV2ZWxvcG1lbnRfQV9DYXNlX1N0dWR5LnBkZgAAEwABLwAAFQACAA3//wAAAAgADQAaACQArwAAAAAAAAIBAAAAAAAAAAUAAAAAAAAAAAAAAAAAAAQR},
	bdsk-url-1 = {https://doi.org/10.1109/ICGSE.2012.11}}

@inproceedings{Jackson:2022:Collaboration:00,
	abstract = {As a result of the COVID-19 pandemic, more software teams than ever find themselves working in a remote model with team members separated by location, timezone, and working hours. This working model is expected to persist post-pandemic as companies explore the benefits of hybrid working. Software teams have always been reliant on tools to help them build software. Now they find themselves wholly reliant on tools to help them collaborate online. Surprisingly, there has been little research to date on which collaboration tools are used, how they are chosen, how they are used, and what challenges are faced when using such tools. This short paper offers emerging findings from an ongoing study in which we are interviewing software professionals about these questions. The insights are preliminary in that we are still conducting additional interviews beyond the ones reported here, yet some common themes are already emerging. Among others, we highlight the following: choice of tools made by the teams is opportunistic; teams adapt existing collaboration practices to utilize the tools better when working remotely; and a persistent problem exists of being unable to find information across chats, emails, and documents.},
	address = {New York, NY, USA},
	author = {Jackson, Victoria and van der Hoek, Andr\'{e} and Prikladnicki, Rafael},
	booktitle = {Proceedings of the 15th International Conference on Cooperative and Human Aspects of Software Engineering},
	date-added = {2022-11-13 11:42:13 +0100},
	date-modified = {2022-11-13 11:42:56 +0100},
	doi = {10.1145/3528579.3529171},
	isbn = {9781450393423},
	keywords = {developer tools, software team practices, collaboration tools, collaboration, virtual software teams, remote software development},
	location = {Pittsburgh, Pennsylvania},
	numpages = {5},
	pages = {76--80},
	publisher = {Association for Computing Machinery},
	series = {CHASE '22},
	title = {Collaboration Tool Choices and Use in Remote Software Teams: Emerging Results from an Ongoing Study},
	url = {https://doi.org/10.1145/3528579.3529171},
	year = {2022},
	bdsk-file-1 = {YnBsaXN0MDDSAQIDBFxyZWxhdGl2ZVBhdGhZYWxpYXNEYXRhXxBcMjAyMiAtIEphY2tzb24gLSBDb2xsYWJvcmF0aW9uIFRvb2wgQ2hvaWNlcyBhbmQgVXNlIGluIFJlbW90ZSBTb2Z0d2FyZSAtIDM1Mjg1NzkuMzUyOTE3MS5wZGZPEQKuAAAAAAKuAAIAAApNYWNCb29rUHJvAAAAAAAAAAAAAAAAAAAAAAAAAAAAQkQAAf////8fMjAyMiAtIEphY2tzb24gLSBDI0ZGRkZGRkZGLnBkZgAAAAAAAAAAAAAAAAAAAAAAAAAAAAAAAAAAAAAAAAAA/////wAAAAAAAAAAAAAAAAABAAIAAAogY3UAAAAAAAAAAAAAAAAACUxpdGVyYXR1cgAAAgCNLzpVc2VyczpJbmdtYXI6Q29kaW5nOlNvdXJjZXM6REhCV19BU0U6TGl0ZXJhdHVyOjIwMjIgLSBKYWNrc29uIC0gQ29sbGFib3JhdGlvbiBUb29sIENob2ljZXMgYW5kIFVzZSBpbiBSZW1vdGUgU29mdHdhcmUgLSAzNTI4NTc5LjM1MjkxNzEucGRmAAAOALoAXAAyADAAMgAyACAALQAgAEoAYQBjAGsAcwBvAG4AIAAtACAAQwBvAGwAbABhAGIAbwByAGEAdABpAG8AbgAgAFQAbwBvAGwAIABDAGgAbwBpAGMAZQBzACAAYQBuAGQAIABVAHMAZQAgAGkAbgAgAFIAZQBtAG8AdABlACAAUwBvAGYAdAB3AGEAcgBlACAALQAgADMANQAyADgANQA3ADkALgAzADUAMgA5ADEANwAxAC4AcABkAGYADwAWAAoATQBhAGMAQgBvAG8AawBQAHIAbwASAItVc2Vycy9JbmdtYXIvQ29kaW5nL1NvdXJjZXMvREhCV19BU0UvTGl0ZXJhdHVyLzIwMjIgLSBKYWNrc29uIC0gQ29sbGFib3JhdGlvbiBUb29sIENob2ljZXMgYW5kIFVzZSBpbiBSZW1vdGUgU29mdHdhcmUgLSAzNTI4NTc5LjM1MjkxNzEucGRmAAATAAEvAAAVAAIADf//AAAACAANABoAJACDAAAAAAAAAgEAAAAAAAAABQAAAAAAAAAAAAAAAAAAAzU=},
	bdsk-url-1 = {https://doi.org/10.1145/3528579.3529171}}

@book{Martin:2003:Agile:50,
	author = {Martin, R. C.},
	date-added = {2022-11-13 11:31:54 +0100},
	date-modified = {2022-11-13 11:32:46 +0100},
	isbn = {9780135974445},
	publisher = {Pearson Education},
	series = {Alan Apt series},
	title = {Agile Software Development: Principles, Patterns, and Practices},
	year = {2003},
	bdsk-file-1 = {YnBsaXN0MDDSAQIDBFxyZWxhdGl2ZVBhdGhZYWxpYXNEYXRhXxClMjAwMyAtIE1hcnRpbiAtIEFnaWxlIFNvZnR3YXJlIERldmVsb3BtZW50IFByaW5jaXBsZXMsIFBhdHRlcm5zLCAtIFJvYmVydCBNYXJ0aW4gLSBBZ2lsZSBTb2Z0d2FyZSBEZXZlbG9wbWVudCwgUHJpbmNpcGxlcywgUGF0dGVybnMsIGFuZCBQcmFjdGljZXMtUGVhcnNvbiAoMjAxMykucGRmTxED0AAAAAAD0AACAAAKTWFjQm9va1BybwAAAAAAAAAAAAAAAAAAAAAAAAAAAEJEAAH/////HzIwMDMgLSBNYXJ0aW4gLSBBZyNGRkZGRkZGRi5wZGYAAAAAAAAAAAAAAAAAAAAAAAAAAAAAAAAAAAAAAAAAAP////8AAAAAAAAAAAAAAAAAAQACAAAKIGN1AAAAAAAAAAAAAAAAAAlMaXRlcmF0dXIAAAIA1i86VXNlcnM6SW5nbWFyOkNvZGluZzpTb3VyY2VzOkRIQldfQVNFOkxpdGVyYXR1cjoyMDAzIC0gTWFydGluIC0gQWdpbGUgU29mdHdhcmUgRGV2ZWxvcG1lbnQgUHJpbmNpcGxlcywgUGF0dGVybnMsIC0gUm9iZXJ0IE1hcnRpbiAtIEFnaWxlIFNvZnR3YXJlIERldmVsb3BtZW50LCBQcmluY2lwbGVzLCBQYXR0ZXJucywgYW5kIFByYWN0aWNlcy1QZWFyc29uICgyMDEzKS5wZGYADgFMAKUAMgAwADAAMwAgAC0AIABNAGEAcgB0AGkAbgAgAC0AIABBAGcAaQBsAGUAIABTAG8AZgB0AHcAYQByAGUAIABEAGUAdgBlAGwAbwBwAG0AZQBuAHQAIABQAHIAaQBuAGMAaQBwAGwAZQBzACwAIABQAGEAdAB0AGUAcgBuAHMALAAgAC0AIABSAG8AYgBlAHIAdAAgAE0AYQByAHQAaQBuACAALQAgAEEAZwBpAGwAZQAgAFMAbwBmAHQAdwBhAHIAZQAgAEQAZQB2AGUAbABvAHAAbQBlAG4AdAAsACAAUAByAGkAbgBjAGkAcABsAGUAcwAsACAAUABhAHQAdABlAHIAbgBzACwAIABhAG4AZAAgAFAAcgBhAGMAdABpAGMAZQBzAC0AUABlAGEAcgBzAG8AbgAgACgAMgAwADEAMwApAC4AcABkAGYADwAWAAoATQBhAGMAQgBvAG8AawBQAHIAbwASANRVc2Vycy9JbmdtYXIvQ29kaW5nL1NvdXJjZXMvREhCV19BU0UvTGl0ZXJhdHVyLzIwMDMgLSBNYXJ0aW4gLSBBZ2lsZSBTb2Z0d2FyZSBEZXZlbG9wbWVudCBQcmluY2lwbGVzLCBQYXR0ZXJucywgLSBSb2JlcnQgTWFydGluIC0gQWdpbGUgU29mdHdhcmUgRGV2ZWxvcG1lbnQsIFByaW5jaXBsZXMsIFBhdHRlcm5zLCBhbmQgUHJhY3RpY2VzLVBlYXJzb24gKDIwMTMpLnBkZgATAAEvAAAVAAIADf//AAAACAANABoAJADMAAAAAAAAAgEAAAAAAAAABQAAAAAAAAAAAAAAAAAABKA=}}

@book{Balzert:2009:Basiskonzepte:89,
	address = {Heidelberg},
	author = {Balzert, Helmut},
	date-added = {2022-11-13 11:27:49 +0100},
	date-modified = {2022-11-13 11:28:34 +0100},
	edition = {3. Aufl.},
	editor = {Balzert, Helmut, 1950- [Herausgeber/in]},
	isbn = {9783827422477 (Online-Ausgabe)},
	keywords = {Computer software. Development},
	language = {Deutsch},
	note = {Campus Horb},
	pages = {XVIII, 624 Seiten},
	publisher = {Spektrum Akad. Verl.},
	series = {Lehrbuch der Softwaretechnik ; 1},
	title = {Basiskonzepte und Requirements-Engineering},
	type = {Lehrbuch},
	volume = {1},
	year = {2009},
	bdsk-file-1 = {YnBsaXN0MDDSAQIDBFxyZWxhdGl2ZVBhdGhZYWxpYXNEYXRhXxDSMjAwOSAtIEJhbHplcnQgLSBCYXNpc2tvbnplcHRlIHVuZCBSZXF1aXJlbWVudHMtRW5naW5lZXJpbmcgLSBQcm9mLiBEci4tSW5nLiBoYWJpbC4gSGVsbXV0IEJhbHplcnQgKGF1dGguKSAtIExlaHJidWNoIGRlciBTb2Z0d2FyZXRlY2huaWtfIEJhc2lza29uemVwdGUgdW5kIFJlcXVpcmVtZW50cyBFbmdpbmVlcmluZy1TcHJpbmdlciBTcGVrdHJ1bSAoMjAwOSkucGRmTxEEhgAAAAAEhgACAAAKTWFjQm9va1BybwAAAAAAAAAAAAAAAAAAAAAAAAAAAEJEAAH/////HzIwMDkgLSBCYWx6ZXJ0IC0gQiNGRkZGRkZGRi5wZGYAAAAAAAAAAAAAAAAAAAAAAAAAAAAAAAAAAAAAAAAAAP////8AAAAAAAAAAAAAAAAAAQACAAAKIGN1AAAAAAAAAAAAAAAAAAlMaXRlcmF0dXIAAAIBAy86VXNlcnM6SW5nbWFyOkNvZGluZzpTb3VyY2VzOkRIQldfQVNFOkxpdGVyYXR1cjoyMDA5IC0gQmFsemVydCAtIEJhc2lza29uemVwdGUgdW5kIFJlcXVpcmVtZW50cy1FbmdpbmVlcmluZyAtIFByb2YuIERyLi1JbmcuIGhhYmlsLiBIZWxtdXQgQmFsemVydCAoYXV0aC4pIC0gTGVocmJ1Y2ggZGVyIFNvZnR3YXJldGVjaG5pa18gQmFzaXNrb256ZXB0ZSB1bmQgUmVxdWlyZW1lbnRzIEVuZ2luZWVyaW5nLVNwcmluZ2VyIFNwZWt0cnVtICgyMDA5KS5wZGYAAA4BpgDSADIAMAAwADkAIAAtACAAQgBhAGwAegBlAHIAdAAgAC0AIABCAGEAcwBpAHMAawBvAG4AegBlAHAAdABlACAAdQBuAGQAIABSAGUAcQB1AGkAcgBlAG0AZQBuAHQAcwAtAEUAbgBnAGkAbgBlAGUAcgBpAG4AZwAgAC0AIABQAHIAbwBmAC4AIABEAHIALgAtAEkAbgBnAC4AIABoAGEAYgBpAGwALgAgAEgAZQBsAG0AdQB0ACAAQgBhAGwAegBlAHIAdAAgACgAYQB1AHQAaAAuACkAIAAtACAATABlAGgAcgBiAHUAYwBoACAAZABlAHIAIABTAG8AZgB0AHcAYQByAGUAdABlAGMAaABuAGkAawBfACAAQgBhAHMAaQBzAGsAbwBuAHoAZQBwAHQAZQAgAHUAbgBkACAAUgBlAHEAdQBpAHIAZQBtAGUAbgB0AHMAIABFAG4AZwBpAG4AZQBlAHIAaQBuAGcALQBTAHAAcgBpAG4AZwBlAHIAIABTAHAAZQBrAHQAcgB1AG0AIAAoADIAMAAwADkAKQAuAHAAZABmAA8AFgAKAE0AYQBjAEIAbwBvAGsAUAByAG8AEgEBVXNlcnMvSW5nbWFyL0NvZGluZy9Tb3VyY2VzL0RIQldfQVNFL0xpdGVyYXR1ci8yMDA5IC0gQmFsemVydCAtIEJhc2lza29uemVwdGUgdW5kIFJlcXVpcmVtZW50cy1FbmdpbmVlcmluZyAtIFByb2YuIERyLi1JbmcuIGhhYmlsLiBIZWxtdXQgQmFsemVydCAoYXV0aC4pIC0gTGVocmJ1Y2ggZGVyIFNvZnR3YXJldGVjaG5pa18gQmFzaXNrb256ZXB0ZSB1bmQgUmVxdWlyZW1lbnRzIEVuZ2luZWVyaW5nLVNwcmluZ2VyIFNwZWt0cnVtICgyMDA5KS5wZGYAABMAAS8AABUAAgAN//8AAAAIAA0AGgAkAPkAAAAAAAACAQAAAAAAAAAFAAAAAAAAAAAAAAAAAAAFgw==}}

@book{Sommerville:2012:Software:12,
	abstract = {Software-Engineering besch{\"a}ftigt sich mit der Bereitstellung von Prinzipien, Methoden und Werkzeugen f{\"u}r die Entwicklung und Anwendung komplexer Software. Ein umfassendes Lehrbuch ist J. Ludewig (ID-G 22/10). Leser mit Vorkenntnissen seien auf "Best practices of software-engineering" (ID-G 24/10) hingewiesen. Das vorliegende Buch gilt als Klassiker f{\"u}r den Einsatz an Hochschulen. Fr{\"u}here Auflagen wurden leider nicht besprochen. Die neue Auflage setzt andere Akzente und ist auch neu strukturiert. Die Schwerpunkte liegen bei der Zusammenfassung der Grundlagen des Software-Engineering, bei Verl{\"a}sslichkeit und Informationssicherheit und beim Software-Engineering-Management. Gut ber{\"u}cksichtigt werden jetzt auch die agile Softwareentwicklung und eingebettete Systeme. Das Buch st{\"u}tzt sich auf Fallstudien; f{\"u}r Hochschullehrer werden unterst{\"u}tzende Materialien bereitgestellt. Viele {\"U}bungen, sehr oft mit L{\"o}sungsskizzen; zu jedem Kapitel Verst{\"a}ndnisfragen mit Antworten. Knapp 20 Seiten mit Hinweisen auf weiterf{\"u}hrende Informationen, oft auch in Zeitschriftenaufs{\"a}tzen. Tiefgegliedertes Inhaltsverzeichnis. (2)},
	address = {M{\"u}nchen ; Harlow ; Amsterdam},
	author = {Sommerville, Ian},
	booktitle = {Software Engineering},
	date-added = {2022-11-13 11:22:56 +0100},
	date-modified = {2022-11-13 11:24:10 +0100},
	edition = {9., aktualisierte Auflage},
	isbn = {1299746950 (Online-Ausgabe)},
	keywords = {Software Engineering. Software engineering. Hardback},
	language = {Deutsch},
	note = {Campus Horb},
	pages = {845 Seiten},
	publisher = {Pearson},
	series = {it - Informatik},
	title = {Software Engineering},
	year = {2012},
	bdsk-file-1 = {YnBsaXN0MDDSAQIDBFxyZWxhdGl2ZVBhdGhZYWxpYXNEYXRhXxCEMjAxMiAtIFNvbW1lcnZpbGxlIC0gU29mdHdhcmUgRW5naW5lZXJpbmcgLSAoUGVhcnNvbiBTdHVkaXVtIC0gSVQpIElhbiBTb21tZXJ2aWxsZSAtIFNvZnR3YXJlIEVuZ2luZWVyaW5nLVBlYXJzb24gU3R1ZGl1bSAoMjAxMikucGRmTxEDTgAAAAADTgACAAAKTWFjQm9va1BybwAAAAAAAAAAAAAAAAAAAAAAAAAAAEJEAAH/////HzIwMTIgLSBTb21tZXJ2aWxsZSNGRkZGRkZGRi5wZGYAAAAAAAAAAAAAAAAAAAAAAAAAAAAAAAAAAAAAAAAAAP////8AAAAAAAAAAAAAAAAAAQACAAAKIGN1AAAAAAAAAAAAAAAAAAlMaXRlcmF0dXIAAAIAtS86VXNlcnM6SW5nbWFyOkNvZGluZzpTb3VyY2VzOkRIQldfQVNFOkxpdGVyYXR1cjoyMDEyIC0gU29tbWVydmlsbGUgLSBTb2Z0d2FyZSBFbmdpbmVlcmluZyAtIChQZWFyc29uIFN0dWRpdW0gLSBJVCkgSWFuIFNvbW1lcnZpbGxlIC0gU29mdHdhcmUgRW5naW5lZXJpbmctUGVhcnNvbiBTdHVkaXVtICgyMDEyKS5wZGYAAA4BCgCEADIAMAAxADIAIAAtACAAUwBvAG0AbQBlAHIAdgBpAGwAbABlACAALQAgAFMAbwBmAHQAdwBhAHIAZQAgAEUAbgBnAGkAbgBlAGUAcgBpAG4AZwAgAC0AIAAoAFAAZQBhAHIAcwBvAG4AIABTAHQAdQBkAGkAdQBtACAALQAgAEkAVAApACAASQBhAG4AIABTAG8AbQBtAGUAcgB2AGkAbABsAGUAIAAtACAAUwBvAGYAdAB3AGEAcgBlACAARQBuAGcAaQBuAGUAZQByAGkAbgBnAC0AUABlAGEAcgBzAG8AbgAgAFMAdAB1AGQAaQB1AG0AIAAoADIAMAAxADIAKQAuAHAAZABmAA8AFgAKAE0AYQBjAEIAbwBvAGsAUAByAG8AEgCzVXNlcnMvSW5nbWFyL0NvZGluZy9Tb3VyY2VzL0RIQldfQVNFL0xpdGVyYXR1ci8yMDEyIC0gU29tbWVydmlsbGUgLSBTb2Z0d2FyZSBFbmdpbmVlcmluZyAtIChQZWFyc29uIFN0dWRpdW0gLSBJVCkgSWFuIFNvbW1lcnZpbGxlIC0gU29mdHdhcmUgRW5naW5lZXJpbmctUGVhcnNvbiBTdHVkaXVtICgyMDEyKS5wZGYAABMAAS8AABUAAgAN//8AAAAIAA0AGgAkAKsAAAAAAAACAQAAAAAAAAAFAAAAAAAAAAAAAAAAAAAD/Q==}}

@book{Kroll:2003:The-Rational:22,
	author = {Kroll, Per and Kruchten, Philippe},
	date-added = {2022-11-13 11:18:34 +0100},
	date-modified = {2022-11-13 11:19:54 +0100},
	isbn = {0-321-16609-4},
	keywords = {RUP},
	title = {The Rational Unified Process Made Easy: A Practitioner's Guide to the RUP},
	year = {2003},
	bdsk-file-1 = {YnBsaXN0MDDSAQIDBFxyZWxhdGl2ZVBhdGhZYWxpYXNEYXRhXxDmMjAwMyAtIEtyb2xsIC0gVGhlIFJhdGlvbmFsIFVuaWZpZWQgUHJvY2VzcyBNYWRlIEVhc3kgLSAoQWRkaXNvbi1XZXNsZXkgb2JqZWN0IHRlY2hub2xvZ3kgc2VyaWVzKSBQZXIgS3JvbGxfIFBoaWxpcHBlIEtydWNodGVuIC0gVGhlIHJhdGlvbmFsIHVuaWZpZWQgcHJvY2VzcyBtYWRlIGVhc3kgXyBhIHByYWN0aXRpb25lcidzIGd1aWRlIHRvIHRoZSBSVVAtQWRkaXNvbi1XZXNsZXkgICgyMDAzKS5wZGZPEQTWAAAAAATWAAIAAApNYWNCb29rUHJvAAAAAAAAAAAAAAAAAAAAAAAAAAAAQkQAAf////8fMjAwMyAtIEtyb2xsIC0gVGhlI0ZGRkZGRkZGLnBkZgAAAAAAAAAAAAAAAAAAAAAAAAAAAAAAAAAAAAAAAAAA/////wAAAAAAAAAAAAAAAAABAAIAAAogY3UAAAAAAAAAAAAAAAAACUxpdGVyYXR1cgAAAgEXLzpVc2VyczpJbmdtYXI6Q29kaW5nOlNvdXJjZXM6REhCV19BU0U6TGl0ZXJhdHVyOjIwMDMgLSBLcm9sbCAtIFRoZSBSYXRpb25hbCBVbmlmaWVkIFByb2Nlc3MgTWFkZSBFYXN5IC0gKEFkZGlzb24tV2VzbGV5IG9iamVjdCB0ZWNobm9sb2d5IHNlcmllcykgUGVyIEtyb2xsXyBQaGlsaXBwZSBLcnVjaHRlbiAtIFRoZSByYXRpb25hbCB1bmlmaWVkIHByb2Nlc3MgbWFkZSBlYXN5IF8gYSBwcmFjdGl0aW9uZXIncyBndWlkZSB0byB0aGUgUlVQLUFkZGlzb24tV2VzbGV5ICAoMjAwMykucGRmAAAOAc4A5gAyADAAMAAzACAALQAgAEsAcgBvAGwAbAAgAC0AIABUAGgAZQAgAFIAYQB0AGkAbwBuAGEAbAAgAFUAbgBpAGYAaQBlAGQAIABQAHIAbwBjAGUAcwBzACAATQBhAGQAZQAgAEUAYQBzAHkAIAAtACAAKABBAGQAZABpAHMAbwBuAC0AVwBlAHMAbABlAHkAIABvAGIAagBlAGMAdAAgAHQAZQBjAGgAbgBvAGwAbwBnAHkAIABzAGUAcgBpAGUAcwApACAAUABlAHIAIABLAHIAbwBsAGwAXwAgAFAAaABpAGwAaQBwAHAAZQAgAEsAcgB1AGMAaAB0AGUAbgAgAC0AIABUAGgAZQAgAHIAYQB0AGkAbwBuAGEAbAAgAHUAbgBpAGYAaQBlAGQAIABwAHIAbwBjAGUAcwBzACAAbQBhAGQAZQAgAGUAYQBzAHkAIABfACAAYQAgAHAAcgBhAGMAdABpAHQAaQBvAG4AZQByACcAcwAgAGcAdQBpAGQAZQAgAHQAbwAgAHQAaABlACAAUgBVAFAALQBBAGQAZABpAHMAbwBuAC0AVwBlAHMAbABlAHkAIAAgACgAMgAwADAAMwApAC4AcABkAGYADwAWAAoATQBhAGMAQgBvAG8AawBQAHIAbwASARVVc2Vycy9JbmdtYXIvQ29kaW5nL1NvdXJjZXMvREhCV19BU0UvTGl0ZXJhdHVyLzIwMDMgLSBLcm9sbCAtIFRoZSBSYXRpb25hbCBVbmlmaWVkIFByb2Nlc3MgTWFkZSBFYXN5IC0gKEFkZGlzb24tV2VzbGV5IG9iamVjdCB0ZWNobm9sb2d5IHNlcmllcykgUGVyIEtyb2xsXyBQaGlsaXBwZSBLcnVjaHRlbiAtIFRoZSByYXRpb25hbCB1bmlmaWVkIHByb2Nlc3MgbWFkZSBlYXN5IF8gYSBwcmFjdGl0aW9uZXIncyBndWlkZSB0byB0aGUgUlVQLUFkZGlzb24tV2VzbGV5ICAoMjAwMykucGRmAAATAAEvAAAVAAIADf//AAAACAANABoAJAENAAAAAAAAAgEAAAAAAAAABQAAAAAAAAAAAAAAAAAABec=}}

@inbook{Kruchten:2000:The-Rational:47,
	author = {Kruchten, Philippe},
	booktitle = {the Rational edge - e-zine for the rational community},
	date-added = {2022-11-12 12:04:55 +0100},
	date-modified = {2022-12-06 17:54:24 +0100},
	keywords = {RUP},
	location = {\url{https://www.researchgate.net/publication/220018149_The_Rational_Unified_Process--An_Introduction}},
	title = {The Rational Unified Process--An Introduction},
	year = {2000},
	bdsk-file-1 = {YnBsaXN0MDDSAQIDBFxyZWxhdGl2ZVBhdGhZYWxpYXNEYXRhXxBzMjAwMCAtIEtydWNodGVuIC0gVGhlIFJhdGlvbmFsIFVuaWZpZWQgUHJvY2Vzcy0tQW4gSW50cm9kdWN0aW9uIC0gVGhlX1JhdGlvbmFsX1VuaWZpZWRfUHJvY2Vzcy0tQW5fSW50cm9kdWN0aW9uLnBkZk8RAwgAAAAAAwgAAgAACk1hY0Jvb2tQcm8AAAAAAAAAAAAAAAAAAAAAAAAAAABCRAAB/////x8yMDAwIC0gS3J1Y2h0ZW4gLSAjRkZGRkZGRkYucGRmAAAAAAAAAAAAAAAAAAAAAAAAAAAAAAAAAAAAAAAAAAD/////AAAAAAAAAAAAAAAAAAEAAgAACiBjdQAAAAAAAAAAAAAAAAAJTGl0ZXJhdHVyAAACAKQvOlVzZXJzOkluZ21hcjpDb2Rpbmc6U291cmNlczpESEJXX0FTRTpMaXRlcmF0dXI6MjAwMCAtIEtydWNodGVuIC0gVGhlIFJhdGlvbmFsIFVuaWZpZWQgUHJvY2Vzcy0tQW4gSW50cm9kdWN0aW9uIC0gVGhlX1JhdGlvbmFsX1VuaWZpZWRfUHJvY2Vzcy0tQW5fSW50cm9kdWN0aW9uLnBkZgAOAOgAcwAyADAAMAAwACAALQAgAEsAcgB1AGMAaAB0AGUAbgAgAC0AIABUAGgAZQAgAFIAYQB0AGkAbwBuAGEAbAAgAFUAbgBpAGYAaQBlAGQAIABQAHIAbwBjAGUAcwBzAC0ALQBBAG4AIABJAG4AdAByAG8AZAB1AGMAdABpAG8AbgAgAC0AIABUAGgAZQBfAFIAYQB0AGkAbwBuAGEAbABfAFUAbgBpAGYAaQBlAGQAXwBQAHIAbwBjAGUAcwBzAC0ALQBBAG4AXwBJAG4AdAByAG8AZAB1AGMAdABpAG8AbgAuAHAAZABmAA8AFgAKAE0AYQBjAEIAbwBvAGsAUAByAG8AEgCiVXNlcnMvSW5nbWFyL0NvZGluZy9Tb3VyY2VzL0RIQldfQVNFL0xpdGVyYXR1ci8yMDAwIC0gS3J1Y2h0ZW4gLSBUaGUgUmF0aW9uYWwgVW5pZmllZCBQcm9jZXNzLS1BbiBJbnRyb2R1Y3Rpb24gLSBUaGVfUmF0aW9uYWxfVW5pZmllZF9Qcm9jZXNzLS1Bbl9JbnRyb2R1Y3Rpb24ucGRmABMAAS8AABUAAgAN//8AAAAIAA0AGgAkAJoAAAAAAAACAQAAAAAAAAAFAAAAAAAAAAAAAAAAAAADpg==}}

@book{Kruchten:2000:The-Rational:46,
	author = {Kruchten, Philippe},
	date-added = {2022-11-12 11:39:41 +0100},
	date-modified = {2022-11-12 12:12:42 +0100},
	isbn = {0321197704},
	keywords = {RUP},
	month = {01},
	pages = {255},
	title = {The Rational Unified Process--An Introduction},
	year = {2000},
	bdsk-file-1 = {YnBsaXN0MDDSAQIDBFxyZWxhdGl2ZVBhdGhZYWxpYXNEYXRhXxCqMjAwMCAtIEtydWNodGVuIC0gVGhlIFJhdGlvbmFsIFVuaWZpZWQgUHJvY2Vzcy0tQW4gSW50cm9kdWN0aW9uIC0gUGhpbGlwcGUgS3J1Y2h0ZW4gLSBUaGUgUmF0aW9uYWwgVW5pZmllZCBQcm9jZXNzXyBBbiBJbnRyb2R1Y3Rpb24tQWRkaXNvbi1XZXNsZXkgUHJvZmVzc2lvbmFsICgyMDAzKS5wZGZPEQPmAAAAAAPmAAIAAApNYWNCb29rUHJvAAAAAAAAAAAAAAAAAAAAAAAAAAAAQkQAAf////8fMjAwMCAtIEtydWNodGVuIC0gI0ZGRkZGRkZGLnBkZgAAAAAAAAAAAAAAAAAAAAAAAAAAAAAAAAAAAAAAAAAA/////wAAAAAAAAAAAAAAAAABAAIAAAogY3UAAAAAAAAAAAAAAAAACUxpdGVyYXR1cgAAAgDbLzpVc2VyczpJbmdtYXI6Q29kaW5nOlNvdXJjZXM6REhCV19BU0U6TGl0ZXJhdHVyOjIwMDAgLSBLcnVjaHRlbiAtIFRoZSBSYXRpb25hbCBVbmlmaWVkIFByb2Nlc3MtLUFuIEludHJvZHVjdGlvbiAtIFBoaWxpcHBlIEtydWNodGVuIC0gVGhlIFJhdGlvbmFsIFVuaWZpZWQgUHJvY2Vzc18gQW4gSW50cm9kdWN0aW9uLUFkZGlzb24tV2VzbGV5IFByb2Zlc3Npb25hbCAoMjAwMykucGRmAAAOAVYAqgAyADAAMAAwACAALQAgAEsAcgB1AGMAaAB0AGUAbgAgAC0AIABUAGgAZQAgAFIAYQB0AGkAbwBuAGEAbAAgAFUAbgBpAGYAaQBlAGQAIABQAHIAbwBjAGUAcwBzAC0ALQBBAG4AIABJAG4AdAByAG8AZAB1AGMAdABpAG8AbgAgAC0AIABQAGgAaQBsAGkAcABwAGUAIABLAHIAdQBjAGgAdABlAG4AIAAtACAAVABoAGUAIABSAGEAdABpAG8AbgBhAGwAIABVAG4AaQBmAGkAZQBkACAAUAByAG8AYwBlAHMAcwBfACAAQQBuACAASQBuAHQAcgBvAGQAdQBjAHQAaQBvAG4ALQBBAGQAZABpAHMAbwBuAC0AVwBlAHMAbABlAHkAIABQAHIAbwBmAGUAcwBzAGkAbwBuAGEAbAAgACgAMgAwADAAMwApAC4AcABkAGYADwAWAAoATQBhAGMAQgBvAG8AawBQAHIAbwASANlVc2Vycy9JbmdtYXIvQ29kaW5nL1NvdXJjZXMvREhCV19BU0UvTGl0ZXJhdHVyLzIwMDAgLSBLcnVjaHRlbiAtIFRoZSBSYXRpb25hbCBVbmlmaWVkIFByb2Nlc3MtLUFuIEludHJvZHVjdGlvbiAtIFBoaWxpcHBlIEtydWNodGVuIC0gVGhlIFJhdGlvbmFsIFVuaWZpZWQgUHJvY2Vzc18gQW4gSW50cm9kdWN0aW9uLUFkZGlzb24tV2VzbGV5IFByb2Zlc3Npb25hbCAoMjAwMykucGRmAAATAAEvAAAVAAIADf//AAAACAANABoAJADRAAAAAAAAAgEAAAAAAAAABQAAAAAAAAAAAAAAAAAABLs=}}

@www{Beck:2001:Manifesto:32,
	author = {Beck, Kent and Beedle, Mike and van Bennekum, Arie and Cockburn, Alistair and Cunningham, Ward and Fowler, Martin and Grenning, James and Highsmith, Jim and Hunt, Andrew and Jeffries, Ron and Kern, Jon and Marick, Brian and Martin, Robert Cecil and Mellor, Steve and Schwaber, Ken and Sutherland, Jeff and Thomas, Dave},
	date-added = {2022-11-12 10:41:20 +0100},
	date-modified = {2022-11-12 10:46:08 +0100},
	title = {Manifesto for Agile Software Development},
	url = {http://agilemanifesto.org},
	year = {2001},
	bdsk-url-1 = {http://agilemanifesto.org}}

@book{Schneider:2012:Abenteuer:95,
	author = {Schneider, Kurt},
	booktitle = {Abenteuer Softwarequalit{\"a}t: Grundlagen und Verfahren f{\"u}r Qualit{\"a}tssicherung und Qualit{\"a}tsmanagement},
	date-added = {2022-10-27 15:21:00 +0200},
	date-modified = {2022-10-27 15:21:50 +0200},
	title = {Abenteuer Softwarequalit{\"a}t: Grundlagen und Verfahren f{\"u}r Qualit{\"a}tssicherung und Qualit{\"a}tsmanagement},
	year = {2012}}

@book{Meyer:2018:Softwareentwicklung::84,
	abstract = {Ein kompaktes Nachschlagewerk, geballt mit viel Wissen! Dieser praxisorientierte Kompass liefert Informationen {\"u}ber das gesamte Themenspektrum der Softwareentwicklung: Projektmanagement, Requirements Engineering, Softwarearchitektur, Programmierung und Qualit{\"a}tssicherung. Ob es sich um ein Projekt im Bereich Web, Desktop, Mobile, IoT, Big Data oder Cloud handelt, es finden sich viele Tipps und Tricks f{\"u}r die t{\"a}gliche Arbeit. Dieses Buch unterst{\"u}tzt Entscheidungstr{\"a}ger bei der Wahl von Hardware, Plattformen, Programmiersprachen, Tools und Librarys. Es hilft weiter bei Fragen zur Sicherheit, zum Monitoring des produktiven Systems und zur Dokumentation. In der Praxis immer wiederkehrende bew{\"a}hrte Muster werden kurz und b{\"u}ndig erkl{\"a}rt. Erfahrungen mit verschiedenen Vorgehensmodellen werden diskutiert, vom Wasserfall bis zu agilen Prozessen. Sowohl Berufseinsteiger als auch erfahrene Professionals finden hier konkrete L{\"o}sungsideen f{\"u}r die Herausforderungen im Berufsalltag und Hinweise zu weiterf{\"u}hrender Literatur.},
	address = {Berlin ; M{\"u}nchen ; Boston},
	author = {Meyer, Albin},
	date-added = {2022-10-27 15:18:53 +0200},
	date-modified = {2022-10-27 15:19:45 +0200},
	editor = {Meyer, Albin},
	isbn = {3110575809 (Druck-Ausgabe)},
	keywords = {Softwareentwicklung. Agile Softwareentwicklung. Requirements engineering. Agile Methoden.. Big Data.. Cloud.. Informatik.. Microservices.. Softwareentwicklung.},
	language = {Deutsch},
	note = {Mode of access: Internet via World Wide Web},
	publisher = {De Gruyter Oldenbourg},
	title = {Softwareentwicklung: Ein Kompass f{\"u}r die Praxis},
	type = {Text (nur f{\"u}r elektronische Ressourcen)},
	url = {http://dx.doi.org/10.1515/9783110578379},
	year = {2018},
	bdsk-file-1 = {YnBsaXN0MDDSAQIDBFxyZWxhdGl2ZVBhdGhZYWxpYXNEYXRhbxBaADIAMAAxADgAIAAtACAATQBlAHkAZQByACAALQAgAFMAbwBmAHQAdwBhAHIAZQBlAG4AdAB3AGkAYwBrAGwAdQBuAGcAIABFAGkAbgAgAEsAbwBtAHAAYQBzAHMAIABmAHUDCAByACAAZABpAGUAIABQAHIAYQB4AGkAcwAgAC0AIAAxADAALgAxADUAMQA1AF8AOQA3ADgAMwAxADEAMAA1ADcAOAAzADcAOQAuAHAAZABmTxECpgAAAAACpgACAAAKTWFjQm9va1BybwAAAAAAAAAAAAAAAAAAAAAAAAAAAEJEAAH/////HzIwMTggLSBNZXllciAtIFNvZiNGRkZGRkZGRi5wZGYAAAAAAAAAAAAAAAAAAAAAAAAAAAAAAAAAAAAAAAAAAP////8AAAAAAAAAAAAAAAAAAQACAAAKIGN1AAAAAAAAAAAAAAAAAAlMaXRlcmF0dXIAAAIAjC86VXNlcnM6SW5nbWFyOkNvZGluZzpTb3VyY2VzOkRIQldfQVNFOkxpdGVyYXR1cjoyMDE4IC0gTWV5ZXIgLSBTb2Z0d2FyZWVudHdpY2tsdW5nIEVpbiBLb21wYXNzIGZ1zIhyIGRpZSBQcmF4aXMgLSAxMC4xNTE1Xzk3ODMxMTA1NzgzNzkucGRmAA4AtgBaADIAMAAxADgAIAAtACAATQBlAHkAZQByACAALQAgAFMAbwBmAHQAdwBhAHIAZQBlAG4AdAB3AGkAYwBrAGwAdQBuAGcAIABFAGkAbgAgAEsAbwBtAHAAYQBzAHMAIABmAHUDCAByACAAZABpAGUAIABQAHIAYQB4AGkAcwAgAC0AIAAxADAALgAxADUAMQA1AF8AOQA3ADgAMwAxADEAMAA1ADcAOAAzADcAOQAuAHAAZABmAA8AFgAKAE0AYQBjAEIAbwBvAGsAUAByAG8AEgCKVXNlcnMvSW5nbWFyL0NvZGluZy9Tb3VyY2VzL0RIQldfQVNFL0xpdGVyYXR1ci8yMDE4IC0gTWV5ZXIgLSBTb2Z0d2FyZWVudHdpY2tsdW5nIEVpbiBLb21wYXNzIGZ1zIhyIGRpZSBQcmF4aXMgLSAxMC4xNTE1Xzk3ODMxMTA1NzgzNzkucGRmABMAAS8AABUAAgAN//8AAAAIAA0AGgAkANsAAAAAAAACAQAAAAAAAAAFAAAAAAAAAAAAAAAAAAADhQ==},
	bdsk-url-1 = {http://dx.doi.org/10.1515/9783110578379}}

@article{Berki:2004:Requirements:64,
	abstract = {This paper examines the concept of Quality in Software Engineering, its different contexts and its different meanings to various people. It begins with a commentary on quality issues for systems development and various stakeholders' involvement. It revisits aspects and concepts of systems development methods and highlights the relevance of quality issues to the choice of a process model. A summarised review of some families of methods is presented, where their application domain, lifecycle coverage, strengths and weaknesses are considered. Under the new development era the requirements of software development change; the role of methods and stakeholders change, too. The paper refers to the latest developments in the area of software engineering and emphasises the shift from traditional conceptual modelling to requirements engineering and process metamodelling principles. We provide support for an emerging discipline in the form of a software process metamodel to cover new issues for software quality and process improvement. The widening of the horizons of software engineering both as a `communication tool'and as a `scientific discipline'(and not as a `craft') is needed in order to support both communicative and scientific quality systems properties. In general, we can consider such a discipline as a thinking tool for understanding the generic process and as the origin of combining intuition and quality engineering to transform requirements to adequate human-centred information systems. We conclude with a schematic representation of a Generic Process Metamodel (GPM) indicating facets contributed by Software Engineering, Computer Science, Information Systems, Mathematics, Linguistics, Sociology and Anthropology. Ongoing research and development issues have provided evidence for influence from even more diverse disciplines.},
	author = {Berki, Eleni and Georgiadou, Elli and Holcombe, Mike},
	date = {2004/09/01},
	date-added = {2022-10-27 15:13:26 +0200},
	date-modified = {2022-10-27 15:14:14 +0200},
	doi = {10.1023/B:SQJO.0000034711.87241.f0},
	id = {Berki2004},
	isbn = {1573-1367},
	journal = {Software Quality Journal},
	journaltitle = {Software Quality Journal},
	number = {3},
	pages = {265--283},
	title = {Requirements Engineering and Process Modelling in Software Quality Management---Towards a Generic Process Metamodel},
	url = {https://doi.org/10.1023/B:SQJO.0000034711.87241.f0},
	volume = {12},
	year = {2004},
	bdsk-file-1 = {YnBsaXN0MDDSAQIDBFxyZWxhdGl2ZVBhdGhZYWxpYXNEYXRhXxBqMjAwNCAtIEJlcmtpIC0gUmVxdWlyZW1lbnRzIEVuZ2luZWVyaW5nIGFuZCBQcm9jZXNzIE1vZGVsbGluZyBpbiBTb2Z0d2FyZSAtIEItU1FKTy4wMDAwMDM0NzExLjg3MjQxLmYwLnBkZk8RAuYAAAAAAuYAAgAACk1hY0Jvb2tQcm8AAAAAAAAAAAAAAAAAAAAAAAAAAABCRAAB/////x8yMDA0IC0gQmVya2kgLSBSZXEjRkZGRkZGRkYucGRmAAAAAAAAAAAAAAAAAAAAAAAAAAAAAAAAAAAAAAAAAAD/////AAAAAAAAAAAAAAAAAAEAAgAACiBjdQAAAAAAAAAAAAAAAAAJTGl0ZXJhdHVyAAACAJsvOlVzZXJzOkluZ21hcjpDb2Rpbmc6U291cmNlczpESEJXX0FTRTpMaXRlcmF0dXI6MjAwNCAtIEJlcmtpIC0gUmVxdWlyZW1lbnRzIEVuZ2luZWVyaW5nIGFuZCBQcm9jZXNzIE1vZGVsbGluZyBpbiBTb2Z0d2FyZSAtIEItU1FKTy4wMDAwMDM0NzExLjg3MjQxLmYwLnBkZgAADgDWAGoAMgAwADAANAAgAC0AIABCAGUAcgBrAGkAIAAtACAAUgBlAHEAdQBpAHIAZQBtAGUAbgB0AHMAIABFAG4AZwBpAG4AZQBlAHIAaQBuAGcAIABhAG4AZAAgAFAAcgBvAGMAZQBzAHMAIABNAG8AZABlAGwAbABpAG4AZwAgAGkAbgAgAFMAbwBmAHQAdwBhAHIAZQAgAC0AIABCAC0AUwBRAEoATwAuADAAMAAwADAAMAAzADQANwAxADEALgA4ADcAMgA0ADEALgBmADAALgBwAGQAZgAPABYACgBNAGEAYwBCAG8AbwBrAFAAcgBvABIAmVVzZXJzL0luZ21hci9Db2RpbmcvU291cmNlcy9ESEJXX0FTRS9MaXRlcmF0dXIvMjAwNCAtIEJlcmtpIC0gUmVxdWlyZW1lbnRzIEVuZ2luZWVyaW5nIGFuZCBQcm9jZXNzIE1vZGVsbGluZyBpbiBTb2Z0d2FyZSAtIEItU1FKTy4wMDAwMDM0NzExLjg3MjQxLmYwLnBkZgAAEwABLwAAFQACAA3//wAAAAgADQAaACQAkQAAAAAAAAIBAAAAAAAAAAUAAAAAAAAAAAAAAAAAAAN7},
	bdsk-url-1 = {https://doi.org/10.1023/B:SQJO.0000034711.87241.f0}}

@article{Alami:2022:How-Scrum:97,
	author = {Alami, Adam and Krancher, Oliver},
	date-added = {2022-10-27 15:06:38 +0200},
	date-modified = {2022-10-27 15:08:07 +0200},
	journaltitle = {Empirical Software Engineering},
	number = {165},
	title = {How Scrum adds value to achieving software quality?},
	volume = {27},
	year = {2022},
	bdsk-file-1 = {YnBsaXN0MDDSAQIDBFxyZWxhdGl2ZVBhdGhZYWxpYXNEYXRhXxBSMjAyMiAtIEFsYW1pIC0gSG93IFNjcnVtIGFkZHMgdmFsdWUgdG8gYWNoaWV2aW5nIHNvZnR3YXJlIC0gczEwNjY0LTAyMi0xMDIwOC00LnBkZk8RAoYAAAAAAoYAAgAACk1hY0Jvb2tQcm8AAAAAAAAAAAAAAAAAAAAAAAAAAABCRAAB/////x8yMDIyIC0gQWxhbWkgLSBIb3cjRkZGRkZGRkYucGRmAAAAAAAAAAAAAAAAAAAAAAAAAAAAAAAAAAAAAAAAAAD/////AAAAAAAAAAAAAAAAAAEAAgAACiBjdQAAAAAAAAAAAAAAAAAJTGl0ZXJhdHVyAAACAIMvOlVzZXJzOkluZ21hcjpDb2Rpbmc6U291cmNlczpESEJXX0FTRTpMaXRlcmF0dXI6MjAyMiAtIEFsYW1pIC0gSG93IFNjcnVtIGFkZHMgdmFsdWUgdG8gYWNoaWV2aW5nIHNvZnR3YXJlIC0gczEwNjY0LTAyMi0xMDIwOC00LnBkZgAADgCmAFIAMgAwADIAMgAgAC0AIABBAGwAYQBtAGkAIAAtACAASABvAHcAIABTAGMAcgB1AG0AIABhAGQAZABzACAAdgBhAGwAdQBlACAAdABvACAAYQBjAGgAaQBlAHYAaQBuAGcAIABzAG8AZgB0AHcAYQByAGUAIAAtACAAcwAxADAANgA2ADQALQAwADIAMgAtADEAMAAyADAAOAAtADQALgBwAGQAZgAPABYACgBNAGEAYwBCAG8AbwBrAFAAcgBvABIAgVVzZXJzL0luZ21hci9Db2RpbmcvU291cmNlcy9ESEJXX0FTRS9MaXRlcmF0dXIvMjAyMiAtIEFsYW1pIC0gSG93IFNjcnVtIGFkZHMgdmFsdWUgdG8gYWNoaWV2aW5nIHNvZnR3YXJlIC0gczEwNjY0LTAyMi0xMDIwOC00LnBkZgAAEwABLwAAFQACAA3//wAAAAgADQAaACQAeQAAAAAAAAIBAAAAAAAAAAUAAAAAAAAAAAAAAAAAAAMD}}

@inproceedings{Phillips:2011:Branching:77,
	abstract = {The use of version control has become ubiquitous in software development projects. Version control systems facilitate parallel development and maintenance through branching, the creation of isolated codelines. Merging is a consequence of branching and is the process of integrating codelines. However, there are unanswered questions about the use of version control to support parallel development; in particular, how are branching and merging used in practice? What defines a successful branching and merging strategy? As a first step towards answering these questions, we recruited a diverse sample of 140 version control users to participate in an online survey. In this paper, we present the survey results and 4 key observations about branching and merging practices in software development projects.},
	address = {New York, NY, USA},
	author = {Phillips, Shaun and Sillito, Jonathan and Walker, Rob},
	booktitle = {Proceedings of the 4th International Workshop on Cooperative and Human Aspects of Software Engineering},
	date-added = {2022-10-27 15:02:28 +0200},
	date-modified = {2022-10-27 15:02:40 +0200},
	doi = {10.1145/1984642.1984645},
	isbn = {9781450305761},
	keywords = {version control, branching, merging, source control, integration, revision control, configuration management, parallel development},
	location = {Waikiki, Honolulu, HI, USA},
	numpages = {7},
	pages = {9--15},
	publisher = {Association for Computing Machinery},
	series = {CHASE '11},
	title = {Branching and Merging: An Investigation into Current Version Control Practices},
	url = {https://doi.org/10.1145/1984642.1984645},
	year = {2011},
	bdsk-file-1 = {YnBsaXN0MDDSAQIDBFxyZWxhdGl2ZVBhdGhZYWxpYXNEYXRhXxBbMjAxMSAtIFBoaWxsaXBzIC0gQnJhbmNoaW5nIGFuZCBNZXJnaW5nIEFuIEludmVzdGlnYXRpb24gaW50byBDdXJyZW50IC0gMTk4NDY0Mi4xOTg0NjQ1LnBkZk8RAqgAAAAAAqgAAgAACk1hY0Jvb2tQcm8AAAAAAAAAAAAAAAAAAAAAAAAAAABCRAAB/////x8yMDExIC0gUGhpbGxpcHMgLSAjRkZGRkZGRkYucGRmAAAAAAAAAAAAAAAAAAAAAAAAAAAAAAAAAAAAAAAAAAD/////AAAAAAAAAAAAAAAAAAEAAgAACiBjdQAAAAAAAAAAAAAAAAAJTGl0ZXJhdHVyAAACAIwvOlVzZXJzOkluZ21hcjpDb2Rpbmc6U291cmNlczpESEJXX0FTRTpMaXRlcmF0dXI6MjAxMSAtIFBoaWxsaXBzIC0gQnJhbmNoaW5nIGFuZCBNZXJnaW5nIEFuIEludmVzdGlnYXRpb24gaW50byBDdXJyZW50IC0gMTk4NDY0Mi4xOTg0NjQ1LnBkZgAOALgAWwAyADAAMQAxACAALQAgAFAAaABpAGwAbABpAHAAcwAgAC0AIABCAHIAYQBuAGMAaABpAG4AZwAgAGEAbgBkACAATQBlAHIAZwBpAG4AZwAgAEEAbgAgAEkAbgB2AGUAcwB0AGkAZwBhAHQAaQBvAG4AIABpAG4AdABvACAAQwB1AHIAcgBlAG4AdAAgAC0AIAAxADkAOAA0ADYANAAyAC4AMQA5ADgANAA2ADQANQAuAHAAZABmAA8AFgAKAE0AYQBjAEIAbwBvAGsAUAByAG8AEgCKVXNlcnMvSW5nbWFyL0NvZGluZy9Tb3VyY2VzL0RIQldfQVNFL0xpdGVyYXR1ci8yMDExIC0gUGhpbGxpcHMgLSBCcmFuY2hpbmcgYW5kIE1lcmdpbmcgQW4gSW52ZXN0aWdhdGlvbiBpbnRvIEN1cnJlbnQgLSAxOTg0NjQyLjE5ODQ2NDUucGRmABMAAS8AABUAAgAN//8AAAAIAA0AGgAkAIIAAAAAAAACAQAAAAAAAAAFAAAAAAAAAAAAAAAAAAADLg==},
	bdsk-url-1 = {https://doi.org/10.1145/1984642.1984645}}

@inproceedings{Shihab:2012:The-Effect:91,
	abstract = {Branching plays a major role in the development process of large software. Branches provide isolation so that multiple pieces of the software system can be modified in parallel without affecting each other during times of instability. However, branching has its own issues. The need to move code across branches introduces addition-al overhead and branch use can lead to integration failures due to conflicts or unseen dependencies. Although branches are used ex-tensively in commercial and open source development projects, the effects that different branch strategies have on software quality are not yet well understood. In this paper, we present the first empirical study that evaluates and quantifies the relationship between soft-ware quality and various aspects of the branch structure used in a software project. We examine Windows Vista and Windows 7 and compare components that have different branch characteristics to quantify differences in quality. We also examine the effectiveness of two branching strategies -- branching according to the software architecture versus branching according to organizational structure. We find that, indeed, branching does have an effect on software quality and that misalignment of branching structure and organiza-tional structure is associated with higher post-release failure rates.},
	address = {New York, NY, USA},
	author = {Shihab, Emad and Bird, Christian and Zimmermann, Thomas},
	booktitle = {Proceedings of the ACM-IEEE International Symposium on Empirical Software Engineering and Measurement},
	date-added = {2022-10-27 15:00:04 +0200},
	date-modified = {2022-10-27 15:00:51 +0200},
	doi = {10.1145/2372251.2372305},
	isbn = {9781450310567},
	keywords = {branching, quality},
	location = {Lund, Sweden},
	numpages = {10},
	pages = {301--310},
	publisher = {Association for Computing Machinery},
	series = {ESEM '12},
	title = {The Effect of Branching Strategies on Software Quality},
	url = {https://doi.org/10.1145/2372251.2372305},
	year = {2012},
	bdsk-file-1 = {YnBsaXN0MDDSAQIDBFxyZWxhdGl2ZVBhdGhZYWxpYXNEYXRhXxBcMjAxMiAtIFNoaWhhYiAtIFRoZSBFZmZlY3Qgb2YgQnJhbmNoaW5nIFN0cmF0ZWdpZXMgb24gU29mdHdhcmUgUXVhbGl0eSAtIDIzNzIyNTEuMjM3MjMwNS5wZGZPEQKuAAAAAAKuAAIAAApNYWNCb29rUHJvAAAAAAAAAAAAAAAAAAAAAAAAAAAAQkQAAf////8fMjAxMiAtIFNoaWhhYiAtIFRoI0ZGRkZGRkZGLnBkZgAAAAAAAAAAAAAAAAAAAAAAAAAAAAAAAAAAAAAAAAAA/////wAAAAAAAAAAAAAAAAABAAIAAAogY3UAAAAAAAAAAAAAAAAACUxpdGVyYXR1cgAAAgCNLzpVc2VyczpJbmdtYXI6Q29kaW5nOlNvdXJjZXM6REhCV19BU0U6TGl0ZXJhdHVyOjIwMTIgLSBTaGloYWIgLSBUaGUgRWZmZWN0IG9mIEJyYW5jaGluZyBTdHJhdGVnaWVzIG9uIFNvZnR3YXJlIFF1YWxpdHkgLSAyMzcyMjUxLjIzNzIzMDUucGRmAAAOALoAXAAyADAAMQAyACAALQAgAFMAaABpAGgAYQBiACAALQAgAFQAaABlACAARQBmAGYAZQBjAHQAIABvAGYAIABCAHIAYQBuAGMAaABpAG4AZwAgAFMAdAByAGEAdABlAGcAaQBlAHMAIABvAG4AIABTAG8AZgB0AHcAYQByAGUAIABRAHUAYQBsAGkAdAB5ACAALQAgADIAMwA3ADIAMgA1ADEALgAyADMANwAyADMAMAA1AC4AcABkAGYADwAWAAoATQBhAGMAQgBvAG8AawBQAHIAbwASAItVc2Vycy9JbmdtYXIvQ29kaW5nL1NvdXJjZXMvREhCV19BU0UvTGl0ZXJhdHVyLzIwMTIgLSBTaGloYWIgLSBUaGUgRWZmZWN0IG9mIEJyYW5jaGluZyBTdHJhdGVnaWVzIG9uIFNvZnR3YXJlIFF1YWxpdHkgLSAyMzcyMjUxLjIzNzIzMDUucGRmAAATAAEvAAAVAAIADf//AAAACAANABoAJACDAAAAAAAAAgEAAAAAAAAABQAAAAAAAAAAAAAAAAAAAzU=},
	bdsk-url-1 = {https://doi.org/10.1145/2372251.2372305}}

@article{Schulz:2022:Expressions:18,
	author = {Schulz, Marco},
	date-added = {2022-10-27 14:45:31 +0200},
	date-modified = {2022-10-27 14:47:03 +0200},
	journaltitle = {American Journal of Software Engineering and Applications},
	number = {2},
	pages = {22-30},
	title = {Expressions for Source Control Management Systems},
	volume = {11},
	year = {2022},
	bdsk-file-1 = {YnBsaXN0MDDSAQIDBFxyZWxhdGl2ZVBhdGhZYWxpYXNEYXRhXxBkMjAyMiAtIFNjaHVseiAtIEV4cHJlc3Npb25zIGZvciBTb3VyY2UgQ29udHJvbCBNYW5hZ2VtZW50IFN5c3RlbXMgLSAxMC4xMTY0OC5qLmFqc2VhLjIwMjIxMTAyLjExLnBkZk8RAs4AAAAAAs4AAgAACk1hY0Jvb2tQcm8AAAAAAAAAAAAAAAAAAAAAAAAAAABCRAAB/////x8yMDIyIC0gU2NodWx6IC0gRXgjRkZGRkZGRkYucGRmAAAAAAAAAAAAAAAAAAAAAAAAAAAAAAAAAAAAAAAAAAD/////AAAAAAAAAAAAAAAAAAEAAgAACiBjdQAAAAAAAAAAAAAAAAAJTGl0ZXJhdHVyAAACAJUvOlVzZXJzOkluZ21hcjpDb2Rpbmc6U291cmNlczpESEJXX0FTRTpMaXRlcmF0dXI6MjAyMiAtIFNjaHVseiAtIEV4cHJlc3Npb25zIGZvciBTb3VyY2UgQ29udHJvbCBNYW5hZ2VtZW50IFN5c3RlbXMgLSAxMC4xMTY0OC5qLmFqc2VhLjIwMjIxMTAyLjExLnBkZgAADgDKAGQAMgAwADIAMgAgAC0AIABTAGMAaAB1AGwAegAgAC0AIABFAHgAcAByAGUAcwBzAGkAbwBuAHMAIABmAG8AcgAgAFMAbwB1AHIAYwBlACAAQwBvAG4AdAByAG8AbAAgAE0AYQBuAGEAZwBlAG0AZQBuAHQAIABTAHkAcwB0AGUAbQBzACAALQAgADEAMAAuADEAMQA2ADQAOAAuAGoALgBhAGoAcwBlAGEALgAyADAAMgAyADEAMQAwADIALgAxADEALgBwAGQAZgAPABYACgBNAGEAYwBCAG8AbwBrAFAAcgBvABIAk1VzZXJzL0luZ21hci9Db2RpbmcvU291cmNlcy9ESEJXX0FTRS9MaXRlcmF0dXIvMjAyMiAtIFNjaHVseiAtIEV4cHJlc3Npb25zIGZvciBTb3VyY2UgQ29udHJvbCBNYW5hZ2VtZW50IFN5c3RlbXMgLSAxMC4xMTY0OC5qLmFqc2VhLjIwMjIxMTAyLjExLnBkZgAAEwABLwAAFQACAA3//wAAAAgADQAaACQAiwAAAAAAAAIBAAAAAAAAAAUAAAAAAAAAAAAAAAAAAANd}}

@article{Whitehead:2007:Collaboration:21,
	author = {Whitehead, Jim},
	date-added = {2022-10-27 14:42:12 +0200},
	date-modified = {2022-10-27 14:42:58 +0200},
	editor = {IEEE},
	journaltitle = {Future of Software Engineering},
	title = {Collaboration in Software Engineering: A Roadmap},
	year = {2007},
	bdsk-file-1 = {YnBsaXN0MDDSAQIDBFxyZWxhdGl2ZVBhdGhZYWxpYXNEYXRhXxB4MjAwNyAtIFdoaXRlaGVhZCAtIENvbGxhYm9yYXRpb24gaW4gU29mdHdhcmUgRW5naW5lZXJpbmcgQSBSb2FkbWFwIC0gQ29sbGFib3JhdGlvbl9pbl9Tb2Z0d2FyZV9FbmdpbmVlcmluZ19BX1JvYWRtYXAucGRmTxEDHgAAAAADHgACAAAKTWFjQm9va1BybwAAAAAAAAAAAAAAAAAAAAAAAAAAAEJEAAH/////HzIwMDcgLSBXaGl0ZWhlYWQgLSNGRkZGRkZGRi5wZGYAAAAAAAAAAAAAAAAAAAAAAAAAAAAAAAAAAAAAAAAAAP////8AAAAAAAAAAAAAAAAAAQACAAAKIGN1AAAAAAAAAAAAAAAAAAlMaXRlcmF0dXIAAAIAqS86VXNlcnM6SW5nbWFyOkNvZGluZzpTb3VyY2VzOkRIQldfQVNFOkxpdGVyYXR1cjoyMDA3IC0gV2hpdGVoZWFkIC0gQ29sbGFib3JhdGlvbiBpbiBTb2Z0d2FyZSBFbmdpbmVlcmluZyBBIFJvYWRtYXAgLSBDb2xsYWJvcmF0aW9uX2luX1NvZnR3YXJlX0VuZ2luZWVyaW5nX0FfUm9hZG1hcC5wZGYAAA4A8gB4ADIAMAAwADcAIAAtACAAVwBoAGkAdABlAGgAZQBhAGQAIAAtACAAQwBvAGwAbABhAGIAbwByAGEAdABpAG8AbgAgAGkAbgAgAFMAbwBmAHQAdwBhAHIAZQAgAEUAbgBnAGkAbgBlAGUAcgBpAG4AZwAgAEEAIABSAG8AYQBkAG0AYQBwACAALQAgAEMAbwBsAGwAYQBiAG8AcgBhAHQAaQBvAG4AXwBpAG4AXwBTAG8AZgB0AHcAYQByAGUAXwBFAG4AZwBpAG4AZQBlAHIAaQBuAGcAXwBBAF8AUgBvAGEAZABtAGEAcAAuAHAAZABmAA8AFgAKAE0AYQBjAEIAbwBvAGsAUAByAG8AEgCnVXNlcnMvSW5nbWFyL0NvZGluZy9Tb3VyY2VzL0RIQldfQVNFL0xpdGVyYXR1ci8yMDA3IC0gV2hpdGVoZWFkIC0gQ29sbGFib3JhdGlvbiBpbiBTb2Z0d2FyZSBFbmdpbmVlcmluZyBBIFJvYWRtYXAgLSBDb2xsYWJvcmF0aW9uX2luX1NvZnR3YXJlX0VuZ2luZWVyaW5nX0FfUm9hZG1hcC5wZGYAABMAAS8AABUAAgAN//8AAAAIAA0AGgAkAJ8AAAAAAAACAQAAAAAAAAAFAAAAAAAAAAAAAAAAAAADwQ==}}

@article{Wickner:2022:Wie-ist-die-Komplexitat:99,
	author = {Wickner, Andreas},
	date-added = {2022-10-27 10:04:45 +0200},
	date-modified = {2022-10-27 10:06:42 +0200},
	day = {2},
	journaltitle = {Informatik Aktuell},
	month = {8},
	title = {Wie ist die Komplexit{\"a}t von Software-Projekten jetzt und in Zukunft zu bew{\"a}ltigen},
	url = {https://www.informatik-aktuell.de/entwicklung/methoden/wie-ist-die-komplexitaet-von-software-projekten-jetzt-und-in-zukunft-zu-bewaeltigen.html},
	year = {2022},
	bdsk-file-1 = {YnBsaXN0MDDSAQIDBFxyZWxhdGl2ZVBhdGhZYWxpYXNEYXRhbxDRADIAMAAyADIAIAAtACAAVwBpAGMAawBuAGUAcgAgAC0AIABXAGkAZQAgAGkAcwB0ACAAZABpAGUAIABLAG8AbQBwAGwAZQB4AGkAdABhAwgAdAAgAHYAbwBuACAAUwBvAGYAdAB3AGEAcgBlAC0AUAByAG8AagBlAGsAdABlAG4AIABqAGUAdAB6AHQAIAB1AG4AZAAgAGkAbgAgAFoAdQBrAHUAbgBmAHQAIAB6AHUAIABiAGUAdwBhAwgAbAB0AGkAZwBlAG4AIAAtACAAVwBpAGUAIABpAHMAdAAgAGQAaQBlACAASwBvAG0AcABsAGUAeABpAHQAYQMIAHQAIAB2AG8AbgAgAFMAbwBmAHQAdwBhAHIAZQAtAFAAcgBvAGoAZQBrAHQAZQBuACAAagBlAHQAegB0ACAAdQBuAGQAIABpAG4AIABaAHUAawB1AG4AZgB0ACAAegB1ACAAYgBlAHcAYQMIAGwAdABpAGcAZQBuAD8AIAB8ACAASQBuAGYAbwByAG0AYQB0AGkAawAgAEEAawB0AHUALgBwAGQAZk8RBIgAAAAABIgAAgAACk1hY0Jvb2tQcm8AAAAAAAAAAAAAAAAAAAAAAAAAAABCRAAB/////x8yMDIyIC0gV2lja25lciAtIFcjRkZGRkZGRkYucGRmAAAAAAAAAAAAAAAAAAAAAAAAAAAAAAAAAAAAAAAAAAD/////AAAAAAAAAAAAAAAAAAEAAgAACiBjdQAAAAAAAAAAAAAAAAAJTGl0ZXJhdHVyAAACAQYvOlVzZXJzOkluZ21hcjpDb2Rpbmc6U291cmNlczpESEJXX0FTRTpMaXRlcmF0dXI6MjAyMiAtIFdpY2tuZXIgLSBXaWUgaXN0IGRpZSBLb21wbGV4aXRhzIh0IHZvbiBTb2Z0d2FyZS1Qcm9qZWt0ZW4gamV0enQgdW5kIGluIFp1a3VuZnQgenUgYmV3YcyIbHRpZ2VuIC0gV2llIGlzdCBkaWUgS29tcGxleGl0YcyIdCB2b24gU29mdHdhcmUtUHJvamVrdGVuIGpldHp0IHVuZCBpbiBadWt1bmZ0IHp1IGJld2HMiGx0aWdlbj8gfCBJbmZvcm1hdGlrIEFrdHUucGRmAA4BpADRADIAMAAyADIAIAAtACAAVwBpAGMAawBuAGUAcgAgAC0AIABXAGkAZQAgAGkAcwB0ACAAZABpAGUAIABLAG8AbQBwAGwAZQB4AGkAdABhAwgAdAAgAHYAbwBuACAAUwBvAGYAdAB3AGEAcgBlAC0AUAByAG8AagBlAGsAdABlAG4AIABqAGUAdAB6AHQAIAB1AG4AZAAgAGkAbgAgAFoAdQBrAHUAbgBmAHQAIAB6AHUAIABiAGUAdwBhAwgAbAB0AGkAZwBlAG4AIAAtACAAVwBpAGUAIABpAHMAdAAgAGQAaQBlACAASwBvAG0AcABsAGUAeABpAHQAYQMIAHQAIAB2AG8AbgAgAFMAbwBmAHQAdwBhAHIAZQAtAFAAcgBvAGoAZQBrAHQAZQBuACAAagBlAHQAegB0ACAAdQBuAGQAIABpAG4AIABaAHUAawB1AG4AZgB0ACAAegB1ACAAYgBlAHcAYQMIAGwAdABpAGcAZQBuAD8AIAB8ACAASQBuAGYAbwByAG0AYQB0AGkAawAgAEEAawB0AHUALgBwAGQAZgAPABYACgBNAGEAYwBCAG8AbwBrAFAAcgBvABIBBFVzZXJzL0luZ21hci9Db2RpbmcvU291cmNlcy9ESEJXX0FTRS9MaXRlcmF0dXIvMjAyMiAtIFdpY2tuZXIgLSBXaWUgaXN0IGRpZSBLb21wbGV4aXRhzIh0IHZvbiBTb2Z0d2FyZS1Qcm9qZWt0ZW4gamV0enQgdW5kIGluIFp1a3VuZnQgenUgYmV3YcyIbHRpZ2VuIC0gV2llIGlzdCBkaWUgS29tcGxleGl0YcyIdCB2b24gU29mdHdhcmUtUHJvamVrdGVuIGpldHp0IHVuZCBpbiBadWt1bmZ0IHp1IGJld2HMiGx0aWdlbj8gfCBJbmZvcm1hdGlrIEFrdHUucGRmABMAAS8AABUAAgAN//8AAAAIAA0AGgAkAckAAAAAAAACAQAAAAAAAAAFAAAAAAAAAAAAAAAAAAAGVQ==},
	bdsk-url-1 = {https://www.informatik-aktuell.de/entwicklung/methoden/wie-ist-die-komplexitaet-von-software-projekten-jetzt-und-in-zukunft-zu-bewaeltigen.html}}

@book{Balzert:2011:Lehrbuch:09,
	author = {Balzert, Helmut and Liggesmeyer, Peter and Schwichtenberg, Holger},
	booktitle = {Lehrbuch der Softwaretechnik: Entwurf, Implementierung, Installation und Betrieb},
	date-added = {2022-10-19 10:05:04 +0200},
	date-modified = {2022-10-19 10:07:16 +0200},
	editor = {Balzert, Helmut},
	title = {Lehrbuch der Softwaretechnik: Entwurf, Implementierung, Installation und Betrieb},
	year = {2011},
	bdsk-file-1 = {YnBsaXN0MDDSAQIDBFxyZWxhdGl2ZVBhdGhZYWxpYXNEYXRhXxDSMjAxMSAtIEJhbHplcnQgLSBMZWhyYnVjaCBkZXIgU29mdHdhcmV0ZWNobmlrIEVudHd1cmYsIEltcGxlbWVudGllcnVuZywgSW5zdGFsbGF0aW9uIC0gMjAxMSAtIEJhbHplcnQgLSBMZWhyYnVjaCBkZXIgU29mdHdhcmV0ZWNobmlrIEVudHd1cmYsIEltcGxlbWVudGllcnVuZywgSW5zdGFsbGF0aW9uIC0gUHJvZi4gRHIuIEhlbG11dCBCYWx6ZXJ0IChhdXRoLikucGRmTxEEhgAAAAAEhgACAAAKTWFjQm9va1BybwAAAAAAAAAAAAAAAAAAAAAAAAAAAEJEAAH/////HzIwMTEgLSBCYWx6ZXJ0IC0gTCNGRkZGRkZGRi5wZGYAAAAAAAAAAAAAAAAAAAAAAAAAAAAAAAAAAAAAAAAAAP////8AAAAAAAAAAAAAAAAAAQACAAAKIGN1AAAAAAAAAAAAAAAAAAlMaXRlcmF0dXIAAAIBAy86VXNlcnM6SW5nbWFyOkNvZGluZzpTb3VyY2VzOkRIQldfQVNFOkxpdGVyYXR1cjoyMDExIC0gQmFsemVydCAtIExlaHJidWNoIGRlciBTb2Z0d2FyZXRlY2huaWsgRW50d3VyZiwgSW1wbGVtZW50aWVydW5nLCBJbnN0YWxsYXRpb24gLSAyMDExIC0gQmFsemVydCAtIExlaHJidWNoIGRlciBTb2Z0d2FyZXRlY2huaWsgRW50d3VyZiwgSW1wbGVtZW50aWVydW5nLCBJbnN0YWxsYXRpb24gLSBQcm9mLiBEci4gSGVsbXV0IEJhbHplcnQgKGF1dGguKS5wZGYAAA4BpgDSADIAMAAxADEAIAAtACAAQgBhAGwAegBlAHIAdAAgAC0AIABMAGUAaAByAGIAdQBjAGgAIABkAGUAcgAgAFMAbwBmAHQAdwBhAHIAZQB0AGUAYwBoAG4AaQBrACAARQBuAHQAdwB1AHIAZgAsACAASQBtAHAAbABlAG0AZQBuAHQAaQBlAHIAdQBuAGcALAAgAEkAbgBzAHQAYQBsAGwAYQB0AGkAbwBuACAALQAgADIAMAAxADEAIAAtACAAQgBhAGwAegBlAHIAdAAgAC0AIABMAGUAaAByAGIAdQBjAGgAIABkAGUAcgAgAFMAbwBmAHQAdwBhAHIAZQB0AGUAYwBoAG4AaQBrACAARQBuAHQAdwB1AHIAZgAsACAASQBtAHAAbABlAG0AZQBuAHQAaQBlAHIAdQBuAGcALAAgAEkAbgBzAHQAYQBsAGwAYQB0AGkAbwBuACAALQAgAFAAcgBvAGYALgAgAEQAcgAuACAASABlAGwAbQB1AHQAIABCAGEAbAB6AGUAcgB0ACAAKABhAHUAdABoAC4AKQAuAHAAZABmAA8AFgAKAE0AYQBjAEIAbwBvAGsAUAByAG8AEgEBVXNlcnMvSW5nbWFyL0NvZGluZy9Tb3VyY2VzL0RIQldfQVNFL0xpdGVyYXR1ci8yMDExIC0gQmFsemVydCAtIExlaHJidWNoIGRlciBTb2Z0d2FyZXRlY2huaWsgRW50d3VyZiwgSW1wbGVtZW50aWVydW5nLCBJbnN0YWxsYXRpb24gLSAyMDExIC0gQmFsemVydCAtIExlaHJidWNoIGRlciBTb2Z0d2FyZXRlY2huaWsgRW50d3VyZiwgSW1wbGVtZW50aWVydW5nLCBJbnN0YWxsYXRpb24gLSBQcm9mLiBEci4gSGVsbXV0IEJhbHplcnQgKGF1dGguKS5wZGYAABMAAS8AABUAAgAN//8AAAAIAA0AGgAkAPkAAAAAAAACAQAAAAAAAAAFAAAAAAAAAAAAAAAAAAAFgw==}}
