@book{Aiello.2021,
 author = {Aiello, Marco and Bouguettaya, Athman and Tamburri, Damian Andrew and {van den Heuvel}, Willem-Jan},
 year = {2021},
 title = {Next-Gen Digital Services.},
 subtitle = {A Retrospective and Roadmap for Service Computing of the Future},
 address = {Cham},
 volume = {12521},
 publisher = {{Springer International Publishing}},
 isbn = {978-3-030-73202-8      },
 doi = {10.1007/978-3-030-73203-5      }
}


@misc{CW.2022,
 abstract = {XaaS (anything as a Service) ist ein Sammelbegriff für die Produkte, die als Service gegen eine regelmä{\ss}ige Gebühr erhältlich sind},
 author = {ComputerWeekly.de},
 year = {2022},
 title = {Was ist XaaS (Anything as a service)?},
 url = {https://www.computerweekly.com/de/definition/Anything-as-a-Service-XaaS},
 urldate = {2022-10-24}
}


@misc{Fraunhofer.2022,
 abstract = {Nutzung aller Dienste für Infrastruktur, Hard- und Software bis hin zur Nutzung der menschlichen Intelligenz als Service},
 author = {{Fraunhofer-Institut für Produktionstechnik und Automatisierung IPA}},
 year = {2022},
 title = {Everything-as-a-Service (XaaS) - Fraunhofer IPA},
 url = {https://www.ipa.fraunhofer.de/de/Kompetenzen/kompetenzzentrum-digitale-werkzeuge-in-der-produktion/cloud-plattformen/everything-as-a-service--xaas.html},
 keywords = {BPaaS;Digitale Werkzeuge in der Produktion;IaaS;IoT;Joachim Seidelmann;PaaS;SaaS;Services;SoA},
 urldate = {2022-10-24}
}


@article{Hentschel.2016,
 author = {Hentschel, Raoul and Leyh, Christian},
 year = {2016},
 title = {Cloud Computing: Gestern, heute, morgen},
 pages = {563--579},
 volume = {53},
 number = {5},
 issn = {1436-3011},
 journal = {HMD Praxis der Wirtschaftsinformatik},
 doi = {10.1365/s40702-016-0254-5      },
 file = {Cloud Computing Gestern heute morgen:Attachments/Cloud Computing Gestern heute morgen.pdf:application/pdf}
}


@article{Karlstetter.2020,
 abstract = {Eigentum bringt Unkosten und eine Bindung mit sich. Und warum sollte man eigentlich etwas kaufen, wenn man es günstiger und flexibler als Service von einem spezialisierten Anbieter buchen kann? Der Siegeszug von As-a-Service-Angeboten, wie Infrastruktur, Hardware, Anwendungen und ähnliches, scheint ungebrochen. Welches Potenzial steckt in XaaS?},
 author = {Karlstetter, Florian},
 year = {2020},
 title = {Das Potenzial von XaaS -- warum bald fast alles als Service angeboten wird},
 url = {https://www.cloudcomputing-insider.de/das-potenzial-von-xaas-warum-bald-fast-alles-als-service-angeboten-wird-a-924056/},
 urldate = {2022-10-24},
 journal = {CloudComputing-Insider},
 file = {Das Potenzial von XaaS  warum bald fast alles als Servic:Attachments/Das Potenzial von XaaS  warum bald fast alles als Servic.pdf:application/pdf}
}


@book{Kollmann.2020,
 author = {Kollmann, Tobias},
 year = {2020},
 title = {Handbuch Digitale Wirtschaft},
 address = {Wiesbaden},
 publisher = {{Springer Fachmedien Wiesbaden}},
 isbn = {978-3-658-17290-9     },
 doi = {10.1007/978-3-658-17291-6    },
 file = {Handbuch Digitale Wirtschaft:Attachments/Handbuch Digitale Wirtschaft.pdf:application/pdf}
}


@article{Li.2014,
 author = {Li, Gang and Wei, Mingchuan},
 year = {2014},
 title = {Everything-as-a-service platform for on-demand virtual enterprises},
 pages = {435--452},
 volume = {16},
 number = {3},
 issn = {1387-3326},
 journal = {Information Systems Frontiers},
 doi = {10.1007/s10796-012-9351-3    },
 file = {Everything-as-a-service platform for on-demand virtual e:Attachments/Everything-as-a-service platform for on-demand virtual e.pdf:application/pdf}
}


@misc{LHIDS.2022,
 author = {Lufthansa Industry Solutions},
 abstract = {Lernen Sie im kostenlosen Whitepaper mehr {\"u}ber {\&}{\#}10003; Vorteile von AIaaS und die {\&}{\#}10003; einfache Implementierung von KI-Tools {\&}{\#}10148; Zum Download},
 year = {2022},
 title = {Whitepaper Artificial Intelligence as a Service},
 url = {https://www.lufthansa-industry-solutions.com/de-de/studien/whitepaper-artificial-intelligence-as-a-service-aiaas},
 urldate = {2022-10-28}
}

@article{Cuofano.2022,
 abstract = {Artificial Intelligence as a Service (AlaaS) hilft Unternehmen, Funktionen der k{\"u}nstlichen Intelligenz (KI) ohne das damit verbundene Fachwissen zu integrieren. In der Regel bauen AIaaS-Dienste auf Cloud-basierten Anbietern wie Amazon AWS, Google Cloud, Microsoft Azure und IMB Cloud auf, die als IaaS verwendet werden. Der KI-Dienst, das Framework und die auf diesen Infrastrukturen aufbauenden Workflows werden Endkunden f{\"u}r verschiedene...},
 author = {Cuofano, Gennaro},
 year = {2022},
 title = {AIaaS: Das neue Gesch{\"a}ftsmodell der k{\"u}nstlichen Intelligenz als Service},
 url = {https://fourweekmba.com/de/aiaas/},
 urldate = {2022-10-28},
 journal = {What is The FourWeekMBA},
 file = {Cuofano 13.09.2022 - AIaaS Das neue Gesch{\"a}ftsmodell:Attachments/Cuofano 13.09.2022 - AIaaS Das neue Gesch{\"a}ftsmodell.pdf:application/pdf}
}


@article{Florian.2021,
 abstract = {Mit Artificial Intelligence as a Service (AIaaS) k{\"o}nnen Unternehmen schl{\"u}sselfertige KI-Anwendungen aus der Cloud implementieren.},
 author = {Florian},
 year = {2021},
 title = {AIaaS: Tiefenstr{\"o}mung der Digitalisierung},
 url = {https://fact.ai/blog/aiaas/},
 urldate = {2022-10-28},
 journal = {Fact AI},
 file = {Florian 17.09.2021 - AIaaS Tiefenstr{\"o}mung der Digitalisierung:Attachments/Florian 17.09.2021 - AIaaS Tiefenstr{\"o}mung der Digitalisierung.pdf:application/pdf}
}


@book{Hung.2022,
 abstract = {Detection of Region-of-Interest Based on Noise Filtering in High-Speed Images,- Detection of Error Images Based on Matching Edges with Strong Components -- Visual Tracking Detection and Movement Identification by Using Eye-tracker for Esports Player -- Construction and Research of E-sportsSpeech Emotion Recognition Model -- Detect safety net on the construction site based on YOLO-v4 -- Epidemic Data Visualization Analysis of the Covid-19 Development in China -- Using Natural Language Processing Technology to Predict Patient Reintubation with Traditional Chinese Nursing Records -- Emotion Recognition in Conversation Using Capsule Networks and Gated Recurrent Units -- Effects of an Augmented Reality-based Educational Game on Student's Learning Performance and Motivation in Nature Course.

This book comprises select proceedings of the 4th International Conference on Innovative Computing (IC 2021) focusing on cutting-edge research carried out in the areas of information technology, science, and engineering. Some of the themes covered in this book are cloud communications and networking, high performance computing, architecture for secure and interactive IoT, satellite communication, wearable network and system, infrastructure management, etc. The essays are written by leading international experts, making it a valuable resource for researchers and practicing engineers alike.},
 author = {Hung, Jason C. and Chang, Jia-Wei and Pei, Yan and Wu, Wei-Chen},
 year = {2022},
 title = {Innovative Computing: Proceedings of the 4th International Conference on Innovative Computing (IC 2021)},
 address = {Singapore},
 edition = {1st ed. 2022},
 volume = {791},
 publisher = {{Springer Singapore} and {Imprint Springer}},
 isbn = {978-981-16-4257-9               },
 series = {Springer eBook Collection},
 doi = {10.1007/978-981-16-4258-6              },
 file = {Hung, Chang et al. 2022 - Innovative Computing:Attachments/Hung, Chang et al. 2022 - Innovative Computing.pdf:application/pdf}
}


@book{Jansen.2021,
 abstract = {Intro -- Foreword -- Welcome Message -- Organization -- Conference Committee -- Local Organizing Chairs -- Program Chairs -- Publication Chairs -- Publicity Chairs -- Program Committee -- CIPA 2021 Keynotes -- Contents -- Cognitive-Inspired Computing Fundamentals and Computing Systems -- Application of Computer Virtual Screening System in Diagnosis and Dispensing of Infertility in Traditional Chinese Medicine and Gynecology -- 1 Introduction -- 2 Research on Computer Virtual Screening System and Chinese Medicine Gynecological Infertility Diagnosis and Dispensing -- 2.1 Research Methods -- 2.2 Application of Computer Virtual Screening System in Gynecological Diagnosis and Dispensing -- 2.3 The Process of the Computer Virtual Screening System in the Diagnosis and Dispensing of Infertility in TCM and TCM Gynecology -- 2.4 Limitations of Computer Virtual Screening System -- 2.5 Algorithm of Computer Virtual Screening System -- 3 Research on the Application Status of Computer Virtual Screening System in Chinese Medicine and Traditional Chinese Medicine Gynecological Infertility Diagnosis and Dispensing -- 3.1 Research Purpose -- 3.2 Questionnaire Survey -- 4 Data Analysis -- 5 Conclusions -- References -- Design of Comprehensive NQI Demand Evaluation System Based on Multi-objective Evolutionary Algorithm -- 1 Introduction -- 2 System Hardware Design -- 2.1 Database Module -- 2.2 Fuzzy Comprehension Evaluation Module -- 2.3 Expert Score Module -- 2.4 System Maintenance Module -- 3 NQI Demand Fuzzy Comprehension Evaluation Based on Multi-objective Evolutionary Algorithm -- 3.1 Establishment of NQI Demand Fuzzy Comprehension Evaluation Model -- 3.2 Model Solution -- 4 Results and Analysis -- 5 Summary -- References -- Efficiency Analysis of Hospitals Based on Data Envelopment Analysis Method in the Context of Big Data -- 1 Introduction.},
 author = {Jansen, Bernard},
 year = {2021},
 title = {International Conference on Cognitive Based Information Processing and Applications (CIPA 2021): Volume 1},
 address = {Singapore},
 volume = {v.84},
 publisher = {{Springer Singapore Pte. Limited}},
 isbn = {978-981-16-5856-3               },
 series = {Lecture Notes on Data Engineering and Communications Technologies Ser},
 doi = {10.1007/978-981-16-5857-0               },
 file = {J. Jansen 2021 - International Conference on Cognitive Based:Attachments/J. Jansen 2021 - International Conference on Cognitive Based.pdf:application/pdf}
}


@article{Lins.2021,
 author = {Lins, Sebastian and Pandl, Konstantin D. and Teigeler, Heiner and Thiebes, Scott and Bayer, Calvin and Sunyaev, Ali},
 year = {2021},
 title = {Artificial Intelligence as a Service},
 pages = {441--456},
 volume = {63},
 number = {4},
 issn = {2363-7005},
 journal = {Business {\&} Information Systems Engineering},
 doi = {10.1007/s12599-021-00708-w            },
 file = {Lins, Pandl et al. 2021 - Artificial Intelligence as a Service:Attachments/Lins, Pandl et al. 2021 - Artificial Intelligence as a Service.pdf:application/pdf}
}


@article{Agarwal.2022,
 abstract = {This blog will share the anticipated growth figures of the AI business covering as per deployment model, end-user application, verticals, and geography.},
 author = {Agarwal, Neeraj},
 year = {2022},
 title = {Growth Of AI As A Service (AIaaS) Market},
 url = {https://readwrite.com/growth-of-ai-as-a-service-aiaas-market/},
 urldate = {2022-10-28},
 journal = {ReadWrite},
 file = {Agarwal 01.04.2022 - Growth Of AI:Attachments/Agarwal 01.04.2022 - Growth Of AI.pdf:application/pdf}
}

@article{RedHat.2022,
 author = {RedHat},
 abstract = {{\glqq}X-as-a-Service{\grqq} (XaaS) bezeichnet im Allgemeinen einen Cloud-Computing-Service, der von einem Drittanbieter bereitgestellt wird.},
 year = {2022},
 title = {Vergleich von IaaS, PaaS und SaaS},
 url = {https://www.redhat.com/de/topics/cloud-computing/iaas-vs-paas-vs-saas},
 urldate = {2022-12-01}
}

@misc{IBM.OA.2021,
 author = {IBM Watson},
 abstract = {Integrieren Sie die KI mithilfe von Watson AI in Ihre Anwendungen, um genauere Vorhersagen treffen zu k{\"o}nnen.},
 year = {2021},
 title = {IBM Watson-Produkte},
 url = {https://www.ibm.com/de-de/watson/products-services},
 urldate = {2022-12-06}
}


@misc{PR.2021,
 author = {PrecedenceResearch},
 abstract = {The global artificial intelligence as a service market size was valued at USD 4.7 Bn in 2021 and is expected to hit around USD 92 Bn by 2030, at a CAGR of 39.16{\%}.},
 year = {2021},
 title = {Artificial intelligence as a Service Market Size, Report 2030},
 url = {https://www.precedenceresearch.com/artificial-intelligence-as-a-service-market},
 urldate = {2022-12-06}
}


@misc{Azure.OA.2022,
 author = {Microsoft Azure},
 abstract = {Mit Azure KI-Diensten k{\"o}nnen Sie Softwareanwendungen f{\"u}r maschinelle {\"U}bersetzung, Konversations-KI und vieles mehr erstellen -- vollst{\"a}ndig unterst{\"u}tzt durch eine Plattform f{\"u}r k{\"u}nstliche Intelligenz.},
 year = {2022},
 title = {Azure KI-Plattform -- KI-Dienst | Microsoft Azure},
 url = {https://azure.microsoft.com/de-de/solutions/ai/},
 urldate = {2022-12-06}
}


@misc{AWS.OA.2022,
 abstract = {AWS-KI-Services k{\"o}nnen ganz leicht mit Ihren Anwendungen integriert werden, um g{\"a}ngige Anwendungsf{\"a}lle wie personalisierte Empfehlungen, die Modernisierung Ihres Kontaktcenters, Sicherheitsverbesserung und die Steigerung der Kundenbindung zu l{\"o}sen.},
 author = {{Amazon Web Services}},
 year = {2022},
 title = {Services mit k{\"u}nstlicher Intelligenz},
 url = {https://aws.amazon.com/de/machine-learning/ai-services/},
 urldate = {2022-12-06}
}


@misc{GoogleCloud.OA.2022,
 abstract = {Sehen Sie sich Produkte von Google Cloud, der Google Maps Platform und anderen an, die Entwicklern und Unternehmen bei der Transformation ihrer Gesch{\"a}ftsprozesse helfen k{\"o}nnen.},
 author = {{Google Cloud}},
 year = {2022},
 title = {Produkte und Dienste {\&}nbsp;|{\&}nbsp; Google Cloud},
 url = {https://cloud.google.com/products},
 urldate = {2022-12-06}
}


@misc{IBM.PV.2021,
 abstract = {See pricing for Watson Speech to Text, a service on the IBM Cloud that enables you to easily convert audio and voice into written text.},
 author = {{IBM Watson}},
 year = {2021},
 title = {Watson Speech to Text - Pricing},
 url = {https://www.ibm.com/cloud/watson-speech-to-text/pricing},
 urldate = {2022-12-06}
}


@misc{Azure.PV.2022,
 abstract = {View pricing for Cognitive Speech Services, a comprehensive new offering that includes text to speech, speech to text and speech translation capabilities.},
 author = {{Microsoft Azure}},
 year = {2022},
 title = {Cognitive Speech Services Pricing | Microsoft Azure},
 url = {https://azure.microsoft.com/en-us/pricing/details/cognitive-services/speech-services/},
 urldate = {2022-12-06}
}


@misc{AWS.PV.2022,
 abstract = {With Amazon Transcribe, you pay only for what you use. And as part of the AWS Free Tier, you can get started with automatic speech recognition for free.},
 author = {{Amazon Web Services}},
 year = {2022},
 title = {Amazon Transcribe Pricing -- Amazon Web Services (AWS)},
 url = {https://aws.amazon.com/de/transcribe/pricing/},
 urldate = {2022-12-06}
}


@misc{GoogleCloud.PV.2022,
 abstract = {Preise f{\"u}r Speech-to-Text pr{\"u}fen},
 author = {{Google Cloud}},
 year = {2022},
 title = {Preise {\&}nbsp;|{\&}nbsp; Cloud Speech-to-Text {\&}nbsp;|{\&}nbsp; Google Cloud},
 url = {https://cloud.google.com/speech-to-text/pricing},
 urldate = {2022-12-06}
}

% This file was created with Citavi 6.14.0.0

@misc{LIS.2022,
 year = {2022},
 author = {Lufthansa Industry Solutions},
 title = {AI as a Service: Gesch{\"a}ftsprozesse automatisieren | LHIND},
 url = {https://www.lufthansa-industry-solutions.com/de-de/loesungen-produkte/kuenstliche-intelligenz/ai-as-a-service-automatisierung-von-geschaeftsprozessen},
 urldate = {2022-12-06}
}


@misc{ActiveMindAG.2022,
 abstract = {KOSTENLOSE Vorlage: Auftragsverarbeitungs-Vertrag nach Datenschutz-Grundverordnung (DSGVO) - ehemals Auftragsdatenverarbeitungs-Vertrag (ADV-Vertrag)},
 author = {{ActiveMind AG}},
 year = {2022},
 title = {Muster: Auftragsverarbeitungs-Vertrag nach DSGVO | activeMind AG},
 url = {https://www.activemind.de/datenschutz/dokumente/av-vertrag/},
 urldate = {2022-12-06}
}


@article{giga.2017,
 abstract = {Terminator-Szenen bei Facebook: Zwei Roboter entwickeln eine Geheimsprache und unterhalten sich untereinander. {\glqq}Bob{\grqq} und {\glqq}Alice{\grqq} mussten daraufhin abgeschaltet werden. Der Fall verdeutlicht ein Grundproblem bei der Entwicklung von k{\"u}nstlicher Intelligenz.},
 author = {Philipp, Johann},
 year = {2017},
 title = {K{\"u}nstliche Intelligenz entwickelt Geheimsprache -- Facebook zieht den Stecker [Update]},
 url = {https://www.giga.de/extra/forschung-und-wissenschaft/news/kuenstliche-intelligenz-entwickelt-geheimsprache-facebook-zieht-den-stecker-update/},
 urldate = {2022-12-01},
 journal = {Giga},
 file = {Philipp 2017-08-01 - K{\"u}nstliche Intelligenz entwickelt Geheimsprache:Attachments/Philipp 2017-08-01 - K{\"u}nstliche Intelligenz entwickelt Geheimsprache.pdf:application/pdf}
}


@misc{Deutschlandfunk.2019,
 abstract = {K{\"u}nstliche Intelligenz ist l{\"a}ngst auch in Waffensystemen angekommen. Doch KI-Experten warnen vor Gefahren: Ihr Einsatz f{\"u}hre m{\"o}glicherweise dazu, dass Konflikte sich verselbstst{\"a}ndigten. Gegnerische Kr{\"a}fte k{\"o}nnten falsch eingesch{\"a}tzt und automatisierte Vergeltungsschl{\"a}ge ausgel{\"o}st werden.},
 author = {Deutschlandfunk.de},
 year = {2019},
 title = {Autonome Waffen - KI-Systeme im Milit{\"a}r},
 url = {https://www.deutschlandfunk.de/autonome-waffen-ki-systeme-im-militaer-100.html},
 urldate = {2022-12-06}
}


@article{Zeit.2016,
 abstract = {Zwei k{\"u}nstliche neuronale Netzwerke von Google haben selbstst{\"a}ndig gelernt, ihre Kommunikation kryptografisch abzusichern. Wie sie es tun, wei{\ss} kein Mensch genau.},
 author = {Beuth, Patrick},
 year = {2016},
 title = {Google: K{\"u}nstliche Intelligenz erfindet eigene Verschl{\"u}sselung},
 url = {https://www.zeit.de/digital/datenschutz/2016-10/google-kuenstliche-intelligenz-erfindet-eigene-verschluesselung},
 urldate = {2022-12-06},
 journal = {Die Zeit},
 file = {Beuth 2016-10-31 - Google K{\"u}nstliche Intelligenz erfindet eigene (2):Attachments/Beuth 2016-10-31 - Google K{\"u}nstliche Intelligenz erfindet eigene (2).pdf:application/pdf}
}


@book{HuaweiTechnologies.2023,
 abstract = {Chapter 1. Introduction to Cloud Computing -- Chapter 2. Cloud Computing System -- Chapter 3. Virtualization Technology -- Chapter 4. Network Basics in Cloud Computing -- Chapter 5. Storage Basics in Cloud Computing -- Chapter 6. OpenStack -- Chapter 7. Container Technology -- Chapter 8. Cloud Computing Development Trends.-.



This open access book introduces cloud computing and related technologies from the concept, technology, and architecture of cloud computing, combined with typical application cases of cloud; provides students with a more complete knowledge framework in the field of cloud computing; and lays the foundation for future research, development, and further study in cloud computing, big data, and other related fields. As the world's leading provider of ICT (information and communication technology) infrastructure and intelligence terminals, Huawei's products are already available in a number of areas, including connectivity, security, wireless, storage, cloud computing, intelligent computing, and artificial intelligence.},
 author = {{Huawei Technologies Co.}},
 year = {2023},
 title = {Cloud Computing Technology},
 address = {Singapore},
 edition = {1st ed. 2023},
 publisher = {{Springer Nature Singapore} and {Imprint Springer}},
 isbn = {978-981-19-3025-6      },
 series = {Springer eBook Collection},
 doi = {10.1007/978-981-19-3026-3      },
 file = {Huawei Technologies Co. 2023 - Cloud Computing Technology:Attachments/Huawei Technologies Co. 2023 - Cloud Computing Technology.pdf:application/pdf}
}


@misc{Folio.2022,
 abstract = {Artificial intelligence as a service (Aiaas). Browse our detailed guide on advantages, limitations, types, models, fully managed platforms.},
 author = {{Folio3AI Blog}},
 year = {2022},
 title = {Ai as a Service Guide - Advantages, Limitations, Types, Models, Platforms},
 url = {https://www.folio3.ai/blog/ai-as-a-service-aiaas/},
 urldate = {2022-12-01}
}


@article{Wittenhorst.2022,
 abstract = {Eine Sammelklage verlangt von Microsoft, GitHub und OpenAI 9 Milliarden Dollar Schadenersatz. Das KI-Tool Copilot sammle Open-Source-Code -- ohne Lizenzangaben.},
 author = {Wittenhorst, Tilman},
 year = {2022},
 title = {Microsoft, GitHub und OpenAI verklagt: KI-Programmierhilfe Copilot kopiert Code},
 url = {https://www.heise.de/news/Microsoft-GitHub-und-OpenAI-verklagt-KI-Programmierhilfe-Copilot-kopiert-Code-7331566.html},
 urldate = {2022-12-01},
 journal = {heise online},
 file = {Wittenhorst 2022-11-06 - Microsoft, GitHub und OpenAI verklagt:Attachments/Wittenhorst 2022-11-06 - Microsoft, GitHub und OpenAI verklagt.pdf:application/pdf}
}


@misc{AlliedMarketResearch.2022,
 abstract = {Everything as a Service (XaaS) market size is to reach {\$}2,631.1 billion by 2031. The industry report provides current trends {\&} future industry estimations.},
 author = {{Allied Market Research}},
 year = {2022},
 title = {Everything as a Service (XaaS) Market Size | Forecast - 2031},
 url = {https://www.alliedmarketresearch.com/everything-as-a-service-xaas-market-A17382},
 urldate = {2022-12-01}
}


@misc{InApp.2020,
 abstract = {Artificial Intelligence as a Service is the solution for companies who can't build their own AI systems. AIaaS helps businesses take advantage of AI with much less investment. But what's its future and challenges?},
 author = {{InApp}},
 year = {2020},
 title = {The Future and Challenges of Artificial Intelligence-as-a-Service | AIaaS - InApp},
 url = {https://staging.inapp.com/blog/artificial-intelligence-as-a-service-its-future-and-challenges/},
 urldate = {2022-12-01}
}


































