% This file was created with Citavi 6.8.0.0

@article{Andrea.25.08.2016,
 author = {Andrea},
 title = {{Der Paarweise Vergleich: Diese Methode hilft beim Priorisieren und Entscheiden}},
 url = {https://projekte-leicht-gemacht.de/blog/business-wissen/paarweiser-vergleich/},
 urldate = {2022-10-21},
 journaltitle = {{Projekte leicht gemacht}},
 date = {2016-08-25},
 shorthand = {Andrea 2016},
 abstract = {Der Paarweise Vergleich ist eine simple Methode, um Rangfolgen zu erstellen oder Elemente zu priorisieren. Inkl. Praxisbeispiel und Vorlage!}
}


@online{AnyForSoft.21.10.2022,
 author = {AnyForSoft},
 year = {2021},
 title = {{React Native, Flutter, Ionic: Hybrid App Frameworks Comparison}},
 url = {https://anyforsoft.com/blog/hybrid-app-frameworks-comparison/},
 urldate = {2022-10-21},
 abstract = {},
 shorthand = {AnyForSoft 2021}
}


@book{AssociationforComputingMachinery.2015,
 author = {Metra, Cecilia},
 year = {2015},
 title = {{Mobile Software Engineering and Systems (MOBILESoft), 2015 2nd ACM International Conference on}},
 url = {https://www.computer.org/csdl/proceedings/mobilesoft/2015/5566/00/index.html},
 publisher = {IEEE},
 isbn = {9780769555669},
 subtitle = {{May 16-17, 2015, Florence, Italy}},
 shorthand = {Metra 2015},
 language = {eng},
 location = {Piscataway, NJ},
 abstract = {},
 pagetotal = {1 online resource},
 organization = {{Association for Computing Machinery}}
}


@article{Chandratre.28.01.2020,
 author = {Chandratre, Ruchir},
 title = {{Liste der Dinge, die Sie beachten sollten, bevor Sie mit der Entwicklung mobiler Apps mit React Native beginnen}},
 url = {https://www.cisin.com/coffee-break/de/enterprise/list-of-things-you-should-keep-in-mind-before-you-start-developing-mobile-apps-with-react-native.html},
 urldate = {2022-11-04},
 journaltitle = {{Cisin}},
 date = {2020-01-28},
 shorthand = {Chandratre 2020},
 abstract = {React native ist eine Plattform, mit der Sie mobile Anwendungen pr{\"a}zise mit JavaScript kombinieren k{\"o}nnen. Sie verwendet das gleiche Design wie react, mit dem Sie mithilfe der deklarativen Komponenten eine umfangreiche mobile Benutzeroberfl{\"a}che erstellen k{\"o}nnen.},
 file = {6a4bb9d9-7a64-4d36-b7a6-c7e0573a09a0:C\:\\Users\\-\\AppData\\Local\\Swiss Academic Software\\Citavi 6\\ProjectCache\\wbopcqyf95y55u9jl3m88qb3wkpfe57bhrw0ihzzmpklry1d\\Citavi Attachments\\6a4bb9d9-7a64-4d36-b7a6-c7e0573a09a0.pdf:pdf}
}


@book{Cheng.2018,
 author = {Cheng, Fu},
 year = {2018},
 title = {{Build Mobile Apps with Ionic 4 and Firebase}},
 url = {https://ebookcentral.proquest.com/lib/kxp/detail.action?docID=5612697},
 edition = {2nd ed.},
 publisher = {{Apress L. P}},
 isbn = {9781484237755},
 subtitle = {{Hybrid Mobile App Development}},
 shorthand = {Cheng 2018},
 language = {eng},
 location = {Berkeley, CA},
 abstract = {Intro -- Table of Contents -- About the Author -- About the Technical Reviewer -- Acknowledgments -- Preface -- Chapter 1: Getting Started -- Mobile Apps Refresher -- Hybrid Mobile Apps -- Apache Cordova -- Ionic Framework -- Firebase -- How to Build Mobile Apps -- Prepare Your Local Development Environment -- Node.js -- Ionic CLI -- Install Ionic CLI Using yarn -- iOS -- Android -- Genymotion -- IDEs and Editors -- Create an App Skeleton -- Application Templates -- Blank App -- Tabbed App -- Sidemenu -- Local Development -- Use Chrome for Development -- Use Chrome DevTools for Android Debugging -- Use Safari Web Inspector for iOS Debugging -- Use Ionic DevApp -- Test on Emulators -- iOS -- Android -- Summary -- Chapter 2: Languages, Frameworks, Libraries, and Tools -- TypeScript -- Why TypeScript? -- Compile-Time Type Checks -- Rich Feature Sets -- Better IDE Support -- Basic Types -- Boolean -- Number -- String -- Null and Undefined -- Array -- Tuple -- Enum -- Any -- Void -- Never -- Union -- Functions -- Arguments -- Interfaces and Classes -- Interfaces -- Describe the Shape of Values -- As Classes Contracts -- Classes -- Decorators -- Class Decorators -- Method Decorators -- Property Decorators -- Angular -- Modules -- Components -- Template Syntax -- Services -- Dependency Injection -- Class Providers -- Value Providers -- Factory Providers -- Tokens -- Use Services in Components -- Metadata -- Bootstrapping -- RxJS -- Observable -- Observers -- Subjects -- Operators -- Sass -- Variables -- Nesting -- Mixins -- Jasmine and Karma -- Jest -- Summary -- Chapter 3: Web Components and Stencil -- Web Components -- Why Do We Need Web Components? -- Custom Elements -- Autonomous Custom Elements -- Customized Built-In Elements -- Custom Elements v0 and v1 -- Shadow DOM -- HTML Templates -- HTML Imports -- Stencil -- Using Slots -- @Prop -- @State.},
 pagetotal = {448},
 note = {Cheng, Fu (VerfasserIn)},
 file = {dc43f76e-4d17-46bf-bf76-ee01198a9340:C\:\\Users\\-\\AppData\\Local\\Swiss Academic Software\\Citavi 6\\ProjectCache\\wbopcqyf95y55u9jl3m88qb3wkpfe57bhrw0ihzzmpklry1d\\Citavi Attachments\\dc43f76e-4d17-46bf-bf76-ee01198a9340.pdf:pdf}
}


@online{Cowart.2012,
 author = {Cowart, Jim},
 editor = {{Telerik Blogs}},
 year = {2012},
 title = {{What is a Hybrid Mobile App?}},
 url = {https://www.telerik.com/blogs/what-is-a-hybrid-mobile-app-},
 urldate = {2022-10-18},
 abstract = {},
 shorthand = {Cowart 2012}
}


@online{DartDocumentation.02.11.2022,
 author = {{Dart Documentation}},
 year = {02.11.2022},
 title = {{Dart Overview}},
 url = {https://dart.dev/overview#platform},
 urldate = {2022-11-02},
 abstract = {A short introduction to Dart},
 shorthand = {Dart Documentation 2022}
}


@online{Davidbritch.04.12.2022,
 author = {Davidbritch},
 year = {04.12.2022},
 title = {{Hosten einer Blazor-Web-App in einer .NET MAUI-App mit BlazorWebView - .NET MAUI}},
 url = {https://learn.microsoft.com/de-de/dotnet/maui/user-interface/controls/blazorwebview?view=net-maui-7.0},
 urldate = {2022-12-04},
 abstract = {Mit dem .NET MAUI BlazorWebView-Steuerelement k{\"o}nnen Sie eine Blazor-Web-App in Ihrer .NET MAUI-App hosten und die App mit Ger{\"a}tefeatures integrieren.},
 shorthand = {Davidbritch 2022}
}


@online{Davidbritch.04.12.2022b,
 author = {Davidbritch},
 year = {04.12.2022},
 title = {{Installieren von Visual Studio 2022 zum Entwickeln plattform{\"u}bergreifender Apps mit .NET MAUI - .NET MAUI}},
 urldate = {2022-12-04},
 abstract = {Erfahren Sie, wie Sie Visual Studio 2022 und Visual Studio 2022 f{\"u}r Mac installieren, um native, plattform{\"u}bergreifende Apps mit .NET MAUI zu entwickeln.},
 shorthand = {Davidbritch 2022},
 file = {https://learn.microsoft.com/de-de/dotnet/maui/get-started/installation?tabs=vswin&view=net-maui-7.0}
}


@online{Davidbritch.04.12.2022c,
 author = {Davidbritch},
 year = {04.12.2022},
 title = {{Was ist .NET MAUI? - .NET MAUI}},
 url = {https://learn.microsoft.com/de-de/dotnet/maui/what-is-maui?view=net-maui-7.0},
 urldate = {2022-12-04},
 abstract = {.NET MAUI (Multi-Platform App UI) ist ein plattform{\"u}bergreifendes Framework zum Erstellen nativer Mobil- und Desktop-Apps mit C{\#} und XAML.},
 shorthand = {Davidbritch 2022}
}


@online{Davidbritch.06.11.2022,
 author = {Davidbritch},
 year = {06.11.2022},
 title = {{NET MAUI invoking platform code - .NET MAUI}},
 url = {https://learn.microsoft.com/en-us/dotnet/maui/platform-integration/invoke-platform-code},
 urldate = {2022-11-06},
 abstract = {Learn how to invoke platform code in a .NET MAUI app by using conditional compilation, or by using partial classes and partial methods.},
 shorthand = {Davidbritch 2022}
}


@online{Davidbritch.26.10.2022,
 author = {Davidbritch},
 year = {26.10.2022},
 title = {{Build your first .NET MAUI app - .NET MAUI}},
 urldate = {2022-10-26},
 abstract = {Learn how to create and run your first .NET MAUI app in Visual Studio 2022 on Windows, or Visual Studio 2022 for Mac.},
 shorthand = {Davidbritch 2022},
 file = {https://learn.microsoft.com/en-us/dotnet/maui/get-started/first-app?tabs=vswin&pivots=devices-android}
}


@article{Denko.2021,
 author = {Denko, Bla{\v{z}} and Pe{\v{c}}nik, {\v{S}}pela and {Fister Jr.}, Iztok},
 year = {2021},
 title = {{A Comprehensive Comparison of Hybrid Mobile Application Development Frameworks}},
 pages = {78--90},
 pagination = {page},
 volume = {13},
 issn = {2643-7937},
 journaltitle = {{International Journal of Security and Privacy in Pervasive Computing}},
 shorthand = {Denko et al. 2021},
 doi = {10.4018/IJSPPC.2021010105},
 number = {1},
 abstract = {},
 file = {b237ac3d-4b37-400d-99a8-fde1627f67cf:C\:\\Users\\-\\AppData\\Local\\Swiss Academic Software\\Citavi 6\\ProjectCache\\wbopcqyf95y55u9jl3m88qb3wkpfe57bhrw0ihzzmpklry1d\\Citavi Attachments\\b237ac3d-4b37-400d-99a8-fde1627f67cf.pdf:pdf}
}


@article{Dharmwan.27.04.2021,
 author = {Dharmwan, Subodh},
 title = {7 examples of hybrid apps that have taken businesses to the next level},
 url = {https://cynoteck.com/de/blog-post/hybrid-apps-that-have-taken-businesses-to-the-next-level/},
 urldate = {2022-12-04},
 journaltitle = {{Cynoteck Technology Solutions}},
 date = {2021-04-27},
 shorthand = {Dharmwan 2021},
 abstract = {In diesem Artikel lesen Sie Was sind Hybrid-Apps und die 7 wichtigsten Beispiele f{\"u}r Hybrid-Apps, die das Gesch{\"a}ft auf die n{\"a}chste Stufe gebracht haben.}
}


@thesis{DominikSchwer.2017,
 author = {Schwer, Dominik},
 year = {2017},
 title = {{Strukturierter Vergleich aktueller Frameworks zur Entwicklung mobiler Anwendungen}},
 abstract = {},
 type = {{Bachelorarbeit}},
 institution = {{Universit{\"a}t Ulm}},
 location = {Ulm},
 shorthand = {Schwer 2017},
 file = {394deddb-1e03-4224-9eaf-2f3d704ad1d6:C\:\\Users\\-\\AppData\\Local\\Swiss Academic Software\\Citavi 6\\ProjectCache\\wbopcqyf95y55u9jl3m88qb3wkpfe57bhrw0ihzzmpklry1d\\Citavi Attachments\\394deddb-1e03-4224-9eaf-2f3d704ad1d6.pdf:pdf},
 subtitle = {{Bachelorarbeit an der Universit{\"a}t Ulm}}
}


@online{Greenrobot.2021,
 author = {Greenrobot},
 year = {2021},
 title = {{What is the best Flutter Database?}},
 url = {https://greenrobot.org/news/flutter-databases-a-comprehensive-comparison/},
 urldate = {2022-11-04},
 abstract = {Flutter database comparison: We took the time to compare the handful of Flutter / Dart database options and did performance benchmarks},
 shorthand = {Greenrobot 2021}
}


@online{Griffith.07.02.2019,
 author = {Griffith, Chris},
 year = {07.02.2019},
 title = {{What is Hybrid Mobile App Development?}},
 url = {https://ionic.io/resources/articles/what-is-hybrid-app-development},
 urldate = {2022-10-19},
 abstract = {What is hybrid mobile app development? Learn the difference between hybrid, mobile, and web apps and decide which is best for your development goals.},
 shorthand = {Griffith 2019},
 file = {eac11a87-6001-44c8-9ece-0a90f1e37fde:C\:\\Users\\-\\AppData\\Local\\Swiss Academic Software\\Citavi 6\\ProjectCache\\wbopcqyf95y55u9jl3m88qb3wkpfe57bhrw0ihzzmpklry1d\\Citavi Attachments\\eac11a87-6001-44c8-9ece-0a90f1e37fde.pdf:pdf}
}


@online{Guardrex.26.10.2022,
 author = {Guardrex},
 year = {26.10.2022},
 title = {{Build a .NET MAUI Blazor app}},
 url = {https://learn.microsoft.com/en-us/aspnet/core/blazor/hybrid/tutorials/maui?view=aspnetcore-6.0},
 urldate = {2022-10-26},
 abstract = {Build a .NET MAUI Blazor app step-by-step.},
 shorthand = {Guardrex 2022}
}


@online{HeliosBlog.2020,
 author = {{Helios Blog}},
 year = {2020},
 title = {{Flutter vs. React Native: Which one should you opt for in 2020?}},
 url = {https://www.heliossolutions.co/blog/flutter-vs-react-native-which-one-should-you-opt-for-in-2020/},
 urldate = {2022-11-02},
 abstract = {Planning for cross-platform mobile app development? Check out in this blog which framework between Flutter vs. React Native better serves your project needs.},
 shorthand = {Helios Blog 2020}
}


@article{ISITAN.2020,
 author = {Isitan, Mehmet and KOKLU, Murat},
 year = {2020},
 title = {{Comparison and Evaluation of Cross Platform Mobile Application Development Tools}},
 pages = {273--281},
 pagination = {page},
 journaltitle = {{International Journal of Applied Mathematics Electronics and Computers}},
 shorthand = {Isitan et al. 2020},
 doi = {10.18100/ijamec.832673},
 abstract = {},
 file = {c7248cb2-1ccd-4b75-ba7a-10d5cad99708:C\:\\Users\\-\\AppData\\Local\\Swiss Academic Software\\Citavi 6\\ProjectCache\\wbopcqyf95y55u9jl3m88qb3wkpfe57bhrw0ihzzmpklry1d\\Citavi Attachments\\c7248cb2-1ccd-4b75-ba7a-10d5cad99708.pdf:pdf}
}


@online{JonDouglas.26.10.2022,
 author = {JonDouglas},
 year = {26.10.2022},
 title = {{Hardwarebeschleunigung f{\"u}r verbesserte Leistung des Emulators (Hyper-V und HAXM) - Xamarin}},
 urldate = {2022-10-26},
 abstract = {In diesem Artikel wird erl{\"a}utert, wie Sie die Features f{\"u}r die Hardwarebeschleunigung Ihres Computers verwenden k{\"o}nnen, um die Leistung des Android-Emulators zu optimieren.},
 shorthand = {JonDouglas 2022},
 file = {https://learn.microsoft.com/de-de/xamarin/android/get-started/installation/android-emulator/hardware-acceleration?tabs=vswin&pivots=windows#hyper-v}
}


@online{JoomDev.2021,
 author = {JoomDev},
 year = {2021},
 title = {{6 Best Hybrid Mobile App Development Frameworks 2022}},
 url = {https://www.joomdev.com/hybrid-mobile-app-development-frameworks/},
 urldate = {2022-10-18},
 abstract = {Lookig for hybrid mobile app development frameworks? Here is the list of best native app development frameworks for 2022. Which one you think is the best?},
 shorthand = {JoomDev 2021}
}


@online{Kleinschrod.2020,
 author = {Kleinschrod, Bernd},
 editor = {Webraketen},
 year = {2020},
 title = {{Native App vs Web App vs Hybrid App}},
 url = {https://webraketen.io/app-native-web-hybrid/},
 urldate = {2022-10-19},
 abstract = {Native App, Web App oder Hybrid App: Wer eine App ben{\"o}tigt, muss sich fr{\"u}hzeitig die Frage nach der Technologie stellen. Hier finden Sie Entscheidungshilfe.},
 shorthand = {Kleinschrod 2020}
}


@online{Krypczyk.2021,
 author = {Krypczyk, Veikko and Mittmann, Dirk},
 year = {2021},
 title = {{React Native im {\"U}berblick}},
 url = {https://entwickler.de/react/react-native-im-uberblick},
 urldate = {2022-11-04},
 abstract = {In diesem Teil der Serie geht es um die Entwicklung von Apps f{\"u}r die mobilen Systeme Android und iOS. Wieder kommt React zum Einsatz. Dieses Mal handelt es sich um React Native. Im Jahr 2020 ist React Native zu einer ausgereiften Alternative geworden, indem es Konzepte und Inhalte der React-Komponentenbibliothek mit der Programmierung in JavaScript verbindet.},
 shorthand = {Krypczyk et al. 2021}
}


@article{Lestal.12.08.2020,
 author = {Lestal, Justin},
 title = {{React vs React Native: What's the difference?}},
 url = {https://devskiller.com/react-vs-react-native-whats-the-difference/},
 urldate = {2022-11-04},
 journaltitle = {{Devskiller}},
 date = {2020-08-12},
 shorthand = {Lestal 2020},
 abstract = {We've broken down the key differences and similarities between React vs React Native. Unquestionalbly two of the most popular technologies today.},
 file = {c83a50f8-e1c5-4572-9ed1-126954bf2fd1:C\:\\Users\\-\\AppData\\Local\\Swiss Academic Software\\Citavi 6\\ProjectCache\\wbopcqyf95y55u9jl3m88qb3wkpfe57bhrw0ihzzmpklry1d\\Citavi Attachments\\c83a50f8-e1c5-4572-9ed1-126954bf2fd1.pdf:pdf}
}


@online{MichaelScharl.25.10.2022,
 author = {{Michael Scharl}},
 year = {25.10.2022},
 title = {{React Native -- (k)ein weiteres ``Hybrid App'' Framework}},
 url = {https://www.massiveart.com/de-de/blog/react-native-k-ein-weiteres-hybrid-app-framework},
 urldate = {2022-10-25},
 abstract = {Eine positive {\"U}berraschung: React Native ist ja gar nicht so ein komisches ``Webview-Hybrid-Web-App''-Framework. Sondern sehr viel n{\"a}her am nativen Code als gedacht.},
 shorthand = {Michael Scharl 2022}
}


@online{MobileAppAaily.18.10.2022,
 author = {MobileAppAaily},
 year = {18.10.2022},
 title = {{The 10 Best Hybrid App Frameworks in 2022}},
 url = {https://www.mobileappdaily.com/best-hybrid-app-frameworks},
 urldate = {2022-10-18},
 abstract = {What do you think will be the best hybrid app framework of 2022? Check out the best and worst of the most popular frameworks.},
 shorthand = {MobileAppAaily 2022}
}


@online{Niemeier.04.11.2022,
 author = {Niemeier, Susan},
 year = {04.11.2022},
 title = {{React Native}},
 url = {https://www.tenmedia.de/de/glossar/react-native},
 urldate = {2022-11-04},
 abstract = {React Native ist ein Open-Source-Framework f{\"u}r mobile Anwendungen, das von Facebook erstellt wurde.},
 shorthand = {Niemeier 2022}
}


@article{Obinna.07.04.2020,
 author = {Obinna, Onuoha},
 title = {{How does JIT and AOT work in Dart? - Onuoha Obinna - Medium}},
 url = {https://onuoha.medium.com/how-does-jit-and-aot-work-in-dart-cab2f31d9cb5},
 urldate = {2022-11-02},
 journaltitle = {{Medium}},
 date = {2020-04-07},
 shorthand = {Obinna 2020},
 abstract = {Dart is the main programming language to develop cross-platform mobile applications using flutter framework. Dart uses two major ways for program compilation, the Just-In-Time and the Ahead-of-Time$\ldots$},
 file = {9a7352a0-894c-4858-a5d5-8dd09f5087c7:C\:\\Users\\-\\AppData\\Local\\Swiss Academic Software\\Citavi 6\\ProjectCache\\wbopcqyf95y55u9jl3m88qb3wkpfe57bhrw0ihzzmpklry1d\\Citavi Attachments\\9a7352a0-894c-4858-a5d5-8dd09f5087c7.pdf:pdf}
}


@article{Olajide.2018,
 author = {Olajide, Olusola and Abiodun, Ayokunle and Okunola, Adebola and Gabriel, Taiwo and Michael, Segun},
 year = {2018},
 title = {{Performance Evaluation of Native and Hybrid Android Applications}},
 pages = {1--9},
 pagination = {page},
 volume = {7},
 issn = {2394-4714},
 journaltitle = {{Communications on Applied Electronics}},
 shortjournal = {CAE},
 shorthand = {Olajide et al. 2018},
 doi = {10.5120/cae2018652701},
 number = {16},
 abstract = {},
 file = {5f26dc63-c224-421d-acee-8ee4535236ae:C\:\\Users\\-\\AppData\\Local\\Swiss Academic Software\\Citavi 6\\ProjectCache\\wbopcqyf95y55u9jl3m88qb3wkpfe57bhrw0ihzzmpklry1d\\Citavi Attachments\\5f26dc63-c224-421d-acee-8ee4535236ae.pdf:pdf}
}


@book{Paul.2019,
 author = {Paul, Akshat and Nalwaya, Abhishek},
 year = {2019},
 title = {{React Native for Mobile Development}},
 publisher = {Apress},
 isbn = {978-1-4842-4453-1},
 shorthand = {Paul et al. 2019},
 location = {Berkeley, CA},
 abstract = {},
 doi = {10.1007/978-1-4842-4454-8},
 file = {6f1f49ea-ccf3-456b-8e35-2ba8fb4bb3c0:C\:\\Users\\-\\AppData\\Local\\Swiss Academic Software\\Citavi 6\\ProjectCache\\wbopcqyf95y55u9jl3m88qb3wkpfe57bhrw0ihzzmpklry1d\\Citavi Attachments\\6f1f49ea-ccf3-456b-8e35-2ba8fb4bb3c0.pdf:pdf}
}


@article{Perfomatix.10.03.2021,
 author = {Perfomatix},
 title = {{10 Frameworks that are topping the charts for Hybrid Mobile App development}},
 url = {https://perfomatix.medium.com/10-frameworks-that-are-topping-the-charts-for-hybrid-mobile-app-development-209f3f6616f8},
 urldate = {2022-10-19},
 journaltitle = {{Medium}},
 date = {2021-03-10},
 shorthand = {Perfomatix 2021},
 abstract = {Developing a mobile used to be a tedious process. There was the need to hire and manage separate teams of app developers for Android, iOS, Windows, and other platforms. Also, the entire workflow of$\ldots$}
}


@inproceedings{Que.2016,
 author = {Que, Peixin and Guo, Xiao and Zhu, Maokun},
 title = {{A Comprehensive Comparison between Hybrid and Native App Paradigms}},
 pages = {611--614},
 bookpagination = {page},
 publisher = {IEEE},
 isbn = {978-1-5090-1144-5},
 editor = {Tomar, G. S.},
 booktitle = {{2016 8th International Conference on Computational Intelligence and Communication Networks}},
 year = {2016},
 abstract = {},
 doi = {10.1109/CICN.2016.125},
 shorthand = {Que et al. 2016},
 file = {86b09d0b-ba6b-4fd8-85a4-4e3d388477fa:C\:\\Users\\-\\AppData\\Local\\Swiss Academic Software\\Citavi 6\\ProjectCache\\wbopcqyf95y55u9jl3m88qb3wkpfe57bhrw0ihzzmpklry1d\\Citavi Attachments\\86b09d0b-ba6b-4fd8-85a4-4e3d388477fa.pdf:pdf},
 booksubtitle = {{CICN 2016 : 23-25 December 2016, THDC Institute of Hydropower Engg and Technology, Bhagirathipuram, Tehri, India : proceedings}},
 location = {Piscataway, NJ},
 eventtitle = {2016 8th International Conference on Computational Intelligence and Communication Networks (CICN)},
 venue = {Tehri, India},
 eventdate = {12/23/2016 - 12/25/2016}
}


@online{Rosenblatt.2017,
 author = {Rosenblatt, Isabell},
 year = {2017},
 title = {{Die Antwort auf alle Fragen - Hybride Apps mit HTML5, CSS3 und JavaScript}},
 url = {https://blog.ordix.de/daten-mit-format-loesungen-zur-datenablage-in-hadoop-1},
 urldate = {2022-10-19},
 abstract = {Die Antwort auf alle Fragen - Hybride Apps mit HTML5, CSS3 und JavaScript},
 shorthand = {Rosenblatt 2017}
}


@article{Schmidt.14.05.2018,
 author = {Schmidt, Daniel},
 title = {{Using Sensors in React Native - React Native Training - Medium}},
 url = {https://medium.com/react-native-training/using-sensors-in-react-native-b194d0ad9167},
 urldate = {2022-11-04},
 journaltitle = {{React Native Training}},
 date = {2018-05-14},
 shorthand = {Schmidt 2018},
 abstract = {One of the most exciting strengths of React Native is that it allows you to bridge native calls to Javascript. In contrast to other frameworks that pre-define what can be executed on the native side$\ldots$},
 file = {6759aa32-322f-4eaa-8728-32d40c56f8e3:C\:\\Users\\-\\AppData\\Local\\Swiss Academic Software\\Citavi 6\\ProjectCache\\wbopcqyf95y55u9jl3m88qb3wkpfe57bhrw0ihzzmpklry1d\\Citavi Attachments\\6759aa32-322f-4eaa-8728-32d40c56f8e3.pdf:pdf}
}


@article{Schnurr.02.06.2016,
 author = {Schnurr, Roland},
 title = {{Paarweiser Vergleich Nutzwertanalyse incl Excel Vorlage}},
 url = {https://www.sixsigmablackbelt.de/paarweiser-vergleich/},
 urldate = {2022-11-01},
 journaltitle = {{Roland Schnurr}},
 date = {2016-06-02},
 shorthand = {Schnurr 2016},
 abstract = {Paarweiser Vergleich: Was ist die Methode? Wie geht man vor? Inclusive kostenloser Excel Vorlage und die 3 wichtigsten Vorteile der Methode}
}


@online{Shiotsu.05.11.2022,
 author = {Shiotsu, Yoshitaka},
 editor = {Upwork},
 year = {2021},
 title = {{What Is a Hybrid App?}},
 url = {https://www.upwork.com/resources/hybrid-app},
 urldate = {2022-11-05},
 abstract = {},
 shorthand = {Shiotsu 2021}
}


@online{Shopboostr.18.10.2022,
 author = {Shopboostr},
 year = {18.10.2022},
 title = {{Vergleich der besten Hybrid App Framework in 2022}},
 url = {https://www.shopboostr.de/vergleich-top-10-mobile-app-framework/},
 urldate = {2022-10-18},
 abstract = {✅ Vergleich der beten Hybrid App Framework in Deutschland: ✨Ionic ✨Phonegap ✨Appcelerator ✨React Native ✨Xamarin {\~{}}JETZT VERGLEICHEN!},
 shorthand = {Shopboostr 2022}
}


@article{Sonntag.,
 author = {Sonntag and Alexander},
 title = {paarweiser-vergleich},
 url = {https://www.inf.uni-hamburg.de/de/inst/ab/itmc/research/completed/promidis/instrumente/paarweiser-vergleich},
 urldate = {2022-10-21},
 shorthand = {Sonntag et al.},
 abstract = {},
 pagetotal = {3},
 file = {ad777a98-3ed3-4ecc-a86f-4bd52dfaf960:C\:\\Users\\-\\AppData\\Local\\Swiss Academic Software\\Citavi 6\\ProjectCache\\wbopcqyf95y55u9jl3m88qb3wkpfe57bhrw0ihzzmpklry1d\\Citavi Attachments\\ad777a98-3ed3-4ecc-a86f-4bd52dfaf960.pdf:pdf}
}


@online{Statista.06.11.2022,
 author = {Statista},
 editor = {StatCounter},
 year = {2022},
 title = {{Mobile Betriebssysteme - Marktanteile Internetnutzung weltweit bis September 2022}},
 url = {https://de.statista.com/statistik/daten/studie/184335/umfrage/marktanteil-der-mobilen-betriebssysteme-weltweit-seit-2009/},
 urldate = {2022-11-06},
 abstract = {Die Statistik zeigt die Anteile der f{\"u}hrenden mobilen Betriebssysteme an der Internetnutzung mit Mobiltelefonen(herk{\"o}mmliche Handys, Smartphones - ohne Tablets) weltweit seit Januar 2011.},
 shorthand = {Statista 2022}
}


@online{Statista.19.10.2022,
 author = {StatCounter},
 editor = {StatCounter},
 year = {2022},
 title = {{Mobile Betriebssysteme - Marktanteile in Europa bis September 2022}},
 url = {https://de.statista.com/statistik/daten/studie/184516/umfrage/marktanteil-der-mobilen-betriebssysteme-in-europa-seit-2009/},
 urldate = {2022-10-19},
 abstract = {Die Statistik zeigt die Anteile der f{\"u}hrenden mobilen Betriebssysteme an der Internetnutzung mit Mobiltelefonen (herk{\"o}mmliche Handys, Smartphones - ohne Tablets) in Europa seit Januar 2009.},
 shorthand = {StatCounter 2022},
 file = {0bceb024-6e80-498c-aaa7-36754fa23e5b:C\:\\Users\\-\\AppData\\Local\\Swiss Academic Software\\Citavi 6\\ProjectCache\\wbopcqyf95y55u9jl3m88qb3wkpfe57bhrw0ihzzmpklry1d\\Citavi Attachments\\0bceb024-6e80-498c-aaa7-36754fa23e5b.png:png}
}


@online{Statista.21.10.2022,
 author = {Statista},
 editor = {JetBrains},
 year = {2021},
 title = {{Cross-platform mobile frameworks used by global developers 2021}},
 url = {https://www.statista.com/statistics/869224/worldwide-software-developer-working-hours/},
 urldate = {2022-10-21},
 abstract = {Flutter is the most popular cross-platform mobile framework used by global developers, according to a 2021 developer survey.},
 shorthand = {Statista 2021},
 file = {41fcba1c-38b1-4504-bd62-31308386d3db:C\:\\Users\\-\\AppData\\Local\\Swiss Academic Software\\Citavi 6\\ProjectCache\\wbopcqyf95y55u9jl3m88qb3wkpfe57bhrw0ihzzmpklry1d\\Citavi Attachments\\41fcba1c-38b1-4504-bd62-31308386d3db.png:png},
 subtitle = {{The State of Developer Ecosystem 2021}}
}


@book{Steyer.2017,
 author = {Steyer, Ralph},
 year = {2017},
 title = {{Cordova}},
 publisher = {{Springer Fachmedien Wiesbaden}},
 isbn = {978-3-658-16723-3},
 subtitle = {{Entwicklung plattformneutraler Apps}},
 shorthand = {Steyer 2017},
 location = {Wiesbaden},
 abstract = {},
 doi = {10.1007/978-3-658-16724-0},
 file = {Steyer 2017 - Cordova.pdf},
 file = {fc2c8b7e-deaa-4d51-ac72-dc237af16b40:C\:\\Users\\-\\AppData\\Local\\Swiss Academic Software\\Citavi 6\\ProjectCache\\wbopcqyf95y55u9jl3m88qb3wkpfe57bhrw0ihzzmpklry1d\\Citavi Attachments\\fc2c8b7e-deaa-4d51-ac72-dc237af16b40.pdf:pdf}
}


@proceedings{Tomar.2016,
 year = {2016},
 title = {{2016 8th International Conference on Computational Intelligence and Communication Networks}},
 publisher = {IEEE},
 isbn = {978-1-5090-1144-5},
 editor = {Tomar, G. S.},
 abstract = {},
 shorthand = {Tomar 2016},
 note = {Tomar, G. S. (HerausgeberIn)},
 venue = {Tehri, India},
 location = {Piscataway, NJ},
 subtitle = {{CICN 2016 : 23-25 December 2016, THDC Institute of Hydropower Engg and Technology, Bhagirathipuram, Tehri, India : proceedings}},
 language = {eng},
 eventdate = {12/23/2016 - 12/25/2016},
 eventtitle = {2016 8th International Conference on Computational Intelligence and Communication Networks (CICN)}
}


@online{Tutego.10.02.2015,
 author = {Tutego},
 year = {10.02.2015},
 title = {{Die Ackermann-Funktion}},
 url = {http://www.tutego.de/java/articles/Ackermann-Funktion.html},
 urldate = {2022-11-29},
 abstract = {Java-Seminare und IT-Schulungen. EJB, Java EE, Swing, Android, Spring, Hibernate, JSP/Servlets, C{\#}, .NET, XML, XSLT, ...},
 shorthand = {Tutego 2015},
 note = {Copyright: Christian Ullenboom, www.tutego.de},
 language = {de}
}


@article{Tyshchenko.19.06.2020,
 author = {Tyshchenko, Andrew},
 title = {{Testing Native and Hybrid Mobile Apps}},
 url = {https://medium.com/@andrew.tishchenko/testing-native-and-hybrid-mobile-apps-whats-the-difference-4ca98a71afc1},
 urldate = {2022-11-05},
 journaltitle = {{Medium}},
 date = {2020-06-19},
 subtitle = {{Whats the Difference?}},
 shorthand = {Tyshchenko 2020},
 abstract = {}
}


@collection{Verclas.2012,
 year = {2012},
 title = {{Smart mobile apps}},
 publisher = {Springer},
 isbn = {978-3-642-22258-0},
 series = {{Xpert.press}},
 editor = {Verclas, Stephan and Linnhoff-Popien, Claudia},
 abstract = {},
 pagetotal = {566},
 doi = {10.1007/978-3-642-22259-7},
 shorthand = {Verclas et al. 2012},
 note = {Verclas, Stephan, (author.)

Linnhoff-Popien, Claudia, (author.)},
 subtitle = {{Mit Business-Aps ins Zeitalter mobiler Gesch{\"a}ftsprozesse}},
 location = {Dordrecht},
 file = {8ccab617-13e5-4d02-a66b-5d194528aed9:C\:\\Users\\-\\AppData\\Local\\Swiss Academic Software\\Citavi 6\\ProjectCache\\wbopcqyf95y55u9jl3m88qb3wkpfe57bhrw0ihzzmpklry1d\\Citavi Attachments\\8ccab617-13e5-4d02-a66b-5d194528aed9.pdf:pdf}
}


@online{Wikipedia.2022,
 editor = {Wikipedia},
 year = {2022},
 title = {{Mobile development framework}},
 url = {https://en.wikipedia.org/w/index.php?title=Mobile_development_framework&oldid=1116788695},
 urldate = {2022-10-19},
 abstract = {A mobile development framework is a software framework that is designed to support mobile app development. It is a software library that provides a fundamental structure to support the development of applications for a specific environment.

Frameworks can be in three categories: native frameworks for platform-specific development, mobile web app frameworks, and hybrid apps, which combine the features of both native and mobile web app frameworks.},
 shorthand = {Wikipedia 2022},
 file = {ff280dfb-579e-40ad-a518-2633eb3920a1:C\:\\Users\\-\\AppData\\Local\\Swiss Academic Software\\Citavi 6\\ProjectCache\\wbopcqyf95y55u9jl3m88qb3wkpfe57bhrw0ihzzmpklry1d\\Citavi Attachments\\ff280dfb-579e-40ad-a518-2633eb3920a1.pdf:pdf},
 note = {Creative Commons Attribution-ShareAlike License

Page Version ID: 1116788695},
 language = {en}
}


@incollection{Willnecker.2012,
 author = {Willnecker, Felix and Ismailovi{\'c}, Damir and Maison, Wolfgang},
 title = {{Architekturen mobiler Multiplattform-Apps}},
 pages = {403--417},
 bookpagination = {page},
 publisher = {Springer},
 isbn = {978-3-642-22258-0},
 series = {{Xpert.press}},
 editor = {Verclas, Stephan and Linnhoff-Popien, Claudia},
 booktitle = {{Smart mobile apps}},
 year = {2012},
 abstract = {},
 doi = {10.1007/978-3-642-22259-7_26},
 shorthand = {Willnecker et al. 2012},
 location = {Dordrecht},
 booksubtitle = {{Mit Business-Aps ins Zeitalter mobiler Gesch{\"a}ftsprozesse}},
 file = {0d984b4f-a4ed-4f5e-8f59-63de3e183eb8:C\:\\Users\\-\\AppData\\Local\\Swiss Academic Software\\Citavi 6\\ProjectCache\\wbopcqyf95y55u9jl3m88qb3wkpfe57bhrw0ihzzmpklry1d\\Citavi Attachments\\0d984b4f-a4ed-4f5e-8f59-63de3e183eb8.pdf:pdf}
}


@book{Wu.2018,
 author = {Wu, Wenhao},
 year = {2018},
 title = {{React Native vs Flutter, Cross-platforms mobile application frameworks}},
 url = {https://www.theseus.fi/bitstream/handle/10024/146232/thesis.pdf?sequence=1},
 shorthand = {Wu 2018},
 abstract = {},
 file = {6c44e2c8-c1ea-4d43-b345-ffe304b9bbab:C\:\\Users\\-\\AppData\\Local\\Swiss Academic Software\\Citavi 6\\ProjectCache\\wbopcqyf95y55u9jl3m88qb3wkpfe57bhrw0ihzzmpklry1d\\Citavi Attachments\\6c44e2c8-c1ea-4d43-b345-ffe304b9bbab.pdf:pdf}
}


@article{xster.16.11.2017,
 author = {xster},
 title = {{Why Flutter doesn't use OEM widgets}},
 url = {https://medium.com/flutter/why-flutter-doesnt-use-oem-widgets-94746e812510},
 urldate = {2022-11-02},
 journaltitle = {{Medium}},
 date = {2017-11-16},
 shorthand = {xster 2017},
 abstract = {How Flutter first aimed to be the best way to develop on mobile, the design principles it followed to achieve it, the implementation details and their implications for the modern developers.},
 file = {ddd3fb20-c578-4596-9422-7f96851b4d6f:C\:\\Users\\-\\AppData\\Local\\Swiss Academic Software\\Citavi 6\\ProjectCache\\wbopcqyf95y55u9jl3m88qb3wkpfe57bhrw0ihzzmpklry1d\\Citavi Attachments\\ddd3fb20-c578-4596-9422-7f96851b4d6f.pdf:pdf}
}


@book{Zammetti.2018,
 author = {Zammetti, Frank and Zammetti and Corrigan},
 year = {2018},
 title = {{Practical React Native}},
 edition = {1st ed.},
 publisher = {Apress},
 isbn = {978-1-4842-3938-4},
 shorthand = {Zammetti et al. 2018},
 location = {[Place of publication not identified]},
 abstract = {},
 pagetotal = {1 online resource},
 doi = {10.1007/978-1-4842-3939-1},
 file = {Zammetti, Zammetti et al. 2018 - Practical React Native.pdf},
 file = {619dee81-67e8-4373-9acd-7947100cc2a5:C\:\\Users\\-\\AppData\\Local\\Swiss Academic Software\\Citavi 6\\ProjectCache\\wbopcqyf95y55u9jl3m88qb3wkpfe57bhrw0ihzzmpklry1d\\Citavi Attachments\\619dee81-67e8-4373-9acd-7947100cc2a5.pdf:pdf}
}


@book{Zammetti.2019,
 author = {Zammetti, Frank W.},
 year = {2019},
 title = {{Practical flutter}},
 publisher = {Apress},
 isbn = {978-1-4842-4971-0},
 subtitle = {{Improve your mobile development with google's latest Open-Source SDK}},
 shorthand = {Zammetti 2019},
 language = {eng},
 location = {Berkeley, CA},
 series = {{Springer eBook Collection}},
 abstract = {1. Flutter: A Gentle Introduction -- 2. Hitting the Bullseye with Dart -- 3. Say Hello to my Little Friend: Flutter, Part I -- 4. Say Hello to my Little Friend: Flutter, Part II -- 5. FlutterBook, Part I -- 6. FlutterBook, Part II -- 7. FlutterChat, Part I: The Server -- 8. FlutterChat, Part II: The Client -- 9. FlutterHero: A Flutter Game



Explore what Flutter has to offer, where it came from, and where it's going. Mobile development is progressing at a fast rate and with Flutter -- an open-source mobile application development SDK created by Google -- you can develop applications for Android and iOS, as well as Google Fuchsia. Learn to create three apps (a personal information manager, a chat system, and a game project) that you can install on your mobile devices and use for real. You will begin by getting a solid foundation of Flutter knowledge, and building on it immediately by constructing two more traditional productivity apps.. You will also learn to create a game, enabling you to see a whole other perspective on what Flutter can do. In addition to building these apps, you'll have the benefit of reviewing real-world issues you might encounter, along with ways to deal with them through tips and tricks, all designed to make your Flutter experience that much more productive and, frankly, fun! Practical Flutter will leave you with a solid grasp of how to build apps with Flutter, and springboard into creating more advanced apps on your own. By the time your journey through this material concludes, another larger one will begin as you springboard, well-prepared, into the larger world of Flutter development, tackling any project that comes your way with aplomb. Practical Flutter is a learning adventure you won't want to miss},
 pagetotal = {396},
 doi = {10.1007/978-1-4842-4972-7},
 note = {Zammetti, Frank W. (VerfasserIn)},
 file = {e5dd1db6-1a1e-4b6d-8975-0fba80d2e268:C\:\\Users\\-\\AppData\\Local\\Swiss Academic Software\\Citavi 6\\ProjectCache\\wbopcqyf95y55u9jl3m88qb3wkpfe57bhrw0ihzzmpklry1d\\Citavi Attachments\\e5dd1db6-1a1e-4b6d-8975-0fba80d2e268.pdf:pdf}
}


