% This file was created with Citavi 6.8.0.0

@book{Ambler.2004,
 author = {Ambler, Scott W.},
 year = {2004},
 title = {{The object primer: Agile Model-driven development with UML 2.0 /   Scott W. Ambler}},
 address = {Cambridge},
 edition = {3rd ed.},
 publisher = {{Cambridge University Press}},
 isbn = {0521540186}
}


@book{Barker.2003,
 author = {Barker, Thomas T.},
 year = {2003},
 title = {{Writing software documentation: A task-oriented approach}},
 address = {New York},
 edition = {2nd ed.},
 publisher = {Longman},
 isbn = {0321103289},
 series = {{Allyn and Bacon series in technical communication}}
}


@misc{Doxygen.2022,
 author = {Doxygen},
 year = {2022},
 title = {{Doxygen: Generate documentation from source code}},
 url = {\url{https://www.doxygen.nl/index.html}},
 urldate = {2022-11-15}
}


@misc{GitHubInc.2017,
 author = {{GitHub, Inc.}},
 year = {2017},
 title = {{Open Source Survey}},
 url = {\url{https://opensourcesurvey.org/2017/}},
 urldate = {2022-11-02}
}


@book{Grunwied.2007,
 author = {Gr{\"u}nwied, Gertrud},
 year = {2007},
 title = {{Software-Dokumentation: Grundlagen - Praxis - L{\"o}sungen}},
 address = {Renningen},
 edition = {2., aktualisierte Aufl.},
 volume = {668},
 publisher = {expert-Verl.},
 isbn = {3816926827},
 series = {{Kontakt {\&} Studium}},
}


@book{Grunwied.2013,
 author = {Gr{\"u}nwied, Gertrud},
 year = {2013},
 title = {{Software-Dokumentation: Grundlagen, Praxis, L{\"o}sungen}},
 price = {KART. :  EUR 39.80, ca. sfr 66.50 (freier Pr.)},
 address = {Renningen},
 edition = {3., aktualisierte Aufl.},
 volume = {Bd. 668},
 publisher = {expert-Verl.},
 isbn = {3816930271},
 series = {{Kontakt {\&} Studium}},
}


@article{Hu.2016,
 author = {Hu, Yan and Zhang, Jun and Bai, Xiaomei and Yu, Shuo and Yang, Zhuo},
 year = {2016},
 title = {{Influence analysis of Github repositories}},
 url = {\url{https://link.springer.com/article/10.1186/s40064-016-2897-7}},
 pages = {1268},
 volume = {5},
 number = {1},
 issn = {2193-1801},
 journal = {{SpringerPlus}},
 doi = {\url{10.1186/s40064-016-2897-7}},
}


@misc{JetBrains.2022,
 author = {{JetBrains s.r.o.}},
 year = {2022},
 title = {{UML class diagrams}},
 url = {\url{https://www.jetbrains.com/help/idea/class-diagram.html}},
 urldate = {2022-11-08}
}


@misc{JillReinauer.2016,
 author = {{Jill Reinauer}},
 year = {2016},
 title = {{Using the Task List}},
 url = {\url{https://learn.microsoft.com/en-us/previous-versions/visualstudio/visual-studio-2015/ide/using-the-task-list?view=vs-2015&redirectedfrom=MSDN#tokenscomments}},
 urldate = {2022-11-03}
}


@book{Krau.2007,
 author = {Krau{\ss}, Stefan},
 year = {2007},
 title = {{Verfahren der Software-Dokumentation: Zugl.: Stuttgart, Univ, Diss., 2007 (Nicht f{\"u}r den Austausch)}},
 address = {Aachen},
 publisher = {Shaker},
 isbn = {3832266321},
 series = {{Berichte aus der Softwaretechnik}},
}


@book{Loeliger.2012,
 author = {Loeliger, Jon and McCullough, Matthew},
 year = {2012},
 title = {{Version control with git: Powerful tools and techniques for collaborative software development}},
 address = {Sebastopol, CA.},
 edition = {2nd ed.},
 publisher = {O'Reilly},
 isbn = {9781449345051},
 file = {http://www.worldcat.org/oclc/812195138}
}


@misc{StackOverflow.July112018,
 author = {{Stack Overflow},  Amazon.},
 year = {July 11, 2018},
 title = {{Common methods of self-tutoring among software developers, worldwide, as of early 2018 [Graph]}},
 url = {\url{https://www.statista.com/statistics/793595/worldwide-developer-survey-common-methods-self-taught-education/}},
 urldate = {2022-11-02}
}


@misc{TerryG.Lee.2022,
 author = {{Terry G. Lee}},
 year = {2022},
 title = {{Design and view classes and types with Class Designer}},
 url = {\url{https://learn.microsoft.com/en-us/visualstudio/ide/class-designer/designing-and-viewing-classes-and-types?view=vs-2022}},
 urldate = {2022-11-08}
}


@book{Zastrow.2010,
 author = {Zastrow, Bettina},
 year = {2010},
 title = {{Fachw{\"o}rterbuch Softwaredokumentation mit englischen Referenzbegriffen: Erstes deutsches fachsprachliches Glossar f{\"u}r die Verwendung bei der Erstellung, dem Lektorat und der {\"U}bersetzung von Bedienungsanleitungen f{\"u}r Softwareprodukte. Mit Zuordnung zu den englischen Referenzbegriffen}},
 price = {PB. : EUR 39.00},
 address = {M{\"u}nchen},
 publisher = {{Utz, Herbert}},
 isbn = {9783831609468},
 series = {{Sachbuch}},
}

@book{Stahl.2012,
 author = {Stahl, Thomas},
 year = {2012},
 title = {{Modellgetriebene Softwareentwicklung: Techniken, Engineering, Management}},
 url = {\url{http://swb.eblib.com/patron/FullRecord.aspx?p=1049742}},
 address = {Heidelberg},
 edition = {2. aktualisierte und erweiterte Auflage},
 publisher = {dpunkt.verlag},
 isbn = {9783898648813},
 series = {{EBL-Schweitzer}}
}


@book{Davis.2020,
 year = {2020},
 title = {{Modern Programming Made Easy}},
 address = {[Place of publication not identified]},
 edition = {2nd ed.},
 publisher = {Apress},
 isbn = {978-1-4842-5568-1},
 editor = {Davis and Anglin},
 doi = {\url{10.1007/978-1-4842-5569-8}}
}

@misc{statista.2022,
	author = {{Statista}},
	month = {6},
	title = {{Artificial Intelligence (AI) market size/revenue comparisons 2018-2030}},
	year = {2022},
	url = {https://www.statista.com/statistics/941835/artificial-intelligence-market-size-revenue-comparisons/},
}



