%Bücher
@book{chemuturi2013,
	title     = {Requirements Engineering and Management for Software Development Projects},
	author    = {Chemuturi, Murali},
	year      = {2013},
	publisher = {Springer Verlag},
	isbn = {978-1-4614-5376-5}
}

%Thesis
@inproceedings{EilertsenMurphy2021,  
	author=		{Eilertsen, Anna Maria and Murphy, Gail C.},  
	booktitle=	{2021 IEEE International Conference on Software Analysis, Evolution and Reengineering (SANER)},   
	title=		{The Usability (or Not) of Refactoring Tools},   
	year=		{2021},  
	pages=		{237-248},  
	doi=		{10.1109/SANER50967.2021.00030}
}

@Proceedings{HobbesLanza2008,
	title=		{How Program History Can Improve Code Completion},
	author=		{Romain Robbes and Michele Lanza},
	year=		{2008},
	publisher=	{IEEE},
	pages=		{317-326},
	doi=		{10.1109/ASE.2008.42},  
}

@Proceedings{MurphyKerstenFindlater2006,
	title=		{How are java	software developers using the eclipse ide?},
	author=		{Murphy G. and Kersten, M. and Findlater, L.},
	year=		{2006},
	publisher=	{IEEE},
	pages=		{76-83},
	doi=		{10.1109/MS.2006.105}
}

@Inproceedings{MarasoiuChurchBlackwell2015,
	title=		{An empirical investigation of code completion usage by professional software developers},
	booktitle=	{Proceedings of PPIG 2015},
	author=		{Marasoiu, M. and Church, L. and Blackwell, A.},
	year=		{2015},
	pages=		{71-82}
}

@ARTICLE{Rosenfeld2000,  
	author=		{Rosenfeld, R.},
	journal=	{Proceedings of the IEEE},
	title=		{Two decades of statistical language modeling: where do we go from here?},
	year=		{2000}, 
	volume=		{88},  
	number=		{8},  
	pages=		{1270-1278},  
	doi=		{10.1109/5.880083}
}

@inproceedings{Scharrenburg2019CodeCW,
	title={Code Completion with Recurrent Neural Networks},
	author={Erik van Scharrenburg},
	year={2019}
}

@inproceedings{BruchMonperrusMezini2009,
	author = {Bruch, Marcel and Monperrus, Martin and Mezini, Mira},
	title = {Learning from Examples to Improve Code Completion Systems},
	year = {2009},
	isbn = {9781605580012},
	publisher = {Association for Computing Machinery},
	address = {New York, NY, USA},
	doi = {10.1145/1595696.1595728},
	booktitle = {Proceedings of the 7th Joint Meeting of the European Software Engineering Conference and the ACM SIGSOFT Symposium on The Foundations of Software Engineering},
	pages = {213–222}
}

%Website
@misc{ReShaperOverviewLanguages,
	author = {JetBrains ReShaper},
	year = {2022},
	title = {ReSharper features in different languages﻿},
	url = {https://www.jetbrains.com/help/resharper/Introduction__Feature_Map.html},
	urldate = {2022-11-02}
}

@misc{ReShaperRefactoring,
	author = {JetBrains ReShaper},
	year = {2022},
	title = {Refactorings﻿},
	url = {https://www.jetbrains.com/help/resharper/Refactorings__Index.html},
	urldate = {2022-11-05}
}

@misc{DocumentationCodeRush,
	author = {DevExpress},
	year = {2022},
	title = {CodeRush for Visual Studio﻿},
	url = {https://www.devexpress.com/Products/CodeRush/},
	urldate = {2022-11-05}
}

@misc{Tabine,
	year = {2022},
	title = {AI Assistant for software developers | Tabnine},
	url = {\url{https://www.tabnine.com/}},
	urldate = {2022-11-12}
}


@misc{Kite,
	author = {Code Faster with Kite},
	year = {2022},
	title = {Kite - Free AI Coding Assistant and Code Auto-Complete Plugin},
	url = {\url{https://www.kite.com/}},
	urldate = {2022-11-12}
}

@misc{ReShaperFunctions,
	author = {JetBrains ReShaper},
	year = {2022},
	title = {Quick-Fixes﻿},
	url = {https://www.jetbrains.com/de-de/resharper/features/quick_fixes.html},
	urldate = {2022-11-15}
}