%Bücher
@book{martin2009,
	title     = {Clean Code},
	author    = {Martin, Robert C. mit Feathers, Micheal C. \& Engel Reinhard},
	year      = {2009},
	publisher = {Mitp-Verlag},
	isbn = {9783826696381}
}

@BOOK{Martin2002-nf,
	title     = "Agile software development, principles, patterns, and practices",
	author    = "Martin, Robert C",
	publisher = "Pearson",
	series    = "Alan Apt series",
	month     =  oct,
	year      =  2002,
	address   = "Upper Saddle River, NJ",
	language  = "en"
}


@book{fowler2000,
	title     = {Refactoring: Wie Sie das Design vorhandener Software verbessern},
	author    = {Fowler, Martin mit Beck, Kent AND Brant, John AND Opdyke, William AND Roberts, Dan},
	year      = {2000},
	publisher = {Addison-Wesley},
	isbn = {3827316308}
}

@BOOK{Darwin1988,
	AUTHOR = {Darwin, Ian F.},
	YEAR = {1988},
	TITLE = {Checking C Programs with Lint - },
	ISBN = {978-0-937-17530-9},
	PUBLISHER = {"O'Reilly Media, Inc."},
	ADDRESS = {Sebastopol},
}

@book{OwaspCodeReview2008,
	author = {OWASP Foundation},
	title = {Code Review Guide Book v. 2.0},
	date = {2008},
	ISBN = {978-1-304-58673-5}
}

@book{StahlVoelterEtAl07,
	address = {Heidelberg},
	author = {Stahl, Thomas and V\"{o}lter, Markus and Efftinge, Sven and Haase, Arno},
	biburl = {https://www.bibsonomy.org/bibtex/22536a510267c27523e0aaee7ae00efd0/flint63},
	edition = 2,
	isbn = {978-3-89864-448-8},
	publisher = {dpunkt},
	timestamp = {2018-04-16T11:58:06.000+0200},
	title = {Modellgetriebene Softwareentwicklung: Techniken, Engineering, Management},
	year = 2007
}

@BOOK{Dollard2008,
	AUTHOR = {Dollard, Kathleen},
	YEAR = {2008},
	TITLE = {Code Generation in Microsoft .NET},
	ISBN = {978-1-430-20705-4},
	PUBLISHER = {Apress},
	ADDRESS = {New York},
}



%Thesis

@article{DBLP:journals/corr/abs-2107-03374,
	author    = {Mark Chen and
	Jerry Tworek and
	Heewoo Jun and
	Qiming Yuan and
	Henrique Ponde de Oliveira Pinto and
	Jared Kaplan and
	Harrison Edwards and
	Yuri Burda and
	Nicholas Joseph and
	Greg Brockman and
	Alex Ray and
	Raul Puri and
	Gretchen Krueger and
	Michael Petrov and
	Heidy Khlaaf and
	Girish Sastry and
	Pamela Mishkin and
	Brooke Chan and
	Scott Gray and
	Nick Ryder and
	Mikhail Pavlov and
	Alethea Power and
	Lukasz Kaiser and
	Mohammad Bavarian and
	Clemens Winter and
	Philippe Tillet and
	Felipe Petroski Such and
	Dave Cummings and
	Matthias Plappert and
	Fotios Chantzis and
	Elizabeth Barnes and
	Ariel Herbert{-}Voss and
	William Hebgen Guss and
	Alex Nichol and
	Alex Paino and
	Nikolas Tezak and
	Jie Tang and
	Igor Babuschkin and
	Suchir Balaji and
	Shantanu Jain and
	William Saunders and
	Christopher Hesse and
	Andrew N. Carr and
	Jan Leike and
	Joshua Achiam and
	Vedant Misra and
	Evan Morikawa and
	Alec Radford and
	Matthew Knight and
	Miles Brundage and
	Mira Murati and
	Katie Mayer and
	Peter Welinder and
	Bob McGrew and
	Dario Amodei and
	Sam McCandlish and
	Ilya Sutskever and
	Wojciech Zaremba},
	title     = {Evaluating Large Language Models Trained on Code},
	journal   = {CoRR},
	volume    = {abs/2107.03374},
	year      = {2021},
	url       = {https://arxiv.org/abs/2107.03374},
	eprinttype = {arXiv},
	eprint    = {2107.03374},
	timestamp = {Tue, 20 Jul 2021 15:08:33 +0200},
	biburl    = {https://dblp.org/rec/journals/corr/abs-2107-03374.bib},
	bibsource = {dblp computer science bibliography, https://dblp.org}
}

%Website


@online{openaicodex,
	title = "OpenAI Codex",
	year = "2021",
	author = "OpenAI",
	url = {https://openai.com/blog/openai-codex/}
}

@online{openaicodexsandbox,
	title = "OpenAI Codex Sandbox",
	year = "2022",
	author = "OpenAI",
	url = {https://beta.openai.com/codex-javascript-sandbox}
}

@online{embedded_swe_codeanalysis,
	title = "Statische und dynamische Codeanalyse in einem kontinuierlichen Testprozess",
	author = "Matthias Schmidt",
	year = "2019",
	url={https://www.embedded-software-engineering.de/statische-und-dynamische-codeanalyse-in-einem-kontinuierlichen-testprozess-a-846419/}
}

@online{intelliJPlattform,
	title = "Why Does Jetbrains Separate Their Products Into Multiple IDEs",
	author = "Jetbrains",
	year = 2020,
	url = {https://intellij-support.jetbrains.com/hc/en-us/community/posts/360006942459-why-does-Jetbrains-separate-their-products-into-multiple-IDEs}
}

@misc{wiki:Statische_Code-Analyse,
	author = "Wikipedia",
	title = "{Statische Code-Analyse} --- {W}ikipedia{,} The Free Encyclopedia",
	year = "2022",
	howpublished = {\url{http://de.wikipedia.org/w/index.php?title=Statische\%20Code-Analyse&oldid=221804280}},
	note = "[Online; accessed 08-November-2022]"
}

@online{jetbrains_static_analyse,
	title = "Static Code Analysis",
	author = "Jetbrains",
	url = {https://www.jetbrains.com/de-de/teamcity/ci-cd-guide/concepts/static-code-analysis/}
}

@online{jetbrains_products,
	title = "All Products",
	author = "Jetbrains",
	url = {https://www.jetbrains.com/all/}
}

@online{computerweekly_dynamic_code, 
	title={Statische und dynamische Code Analyse zusammen einsetzen},
	year = "2022",
	author = "Tom Nolle",
	url={https://www.computerweekly.com/de/tipp/Statische-und-dynamische-Code-Analyse-zusammen-einsetzen}
}

@inproceedings{mci/Papenbrock2019,
	author = {Papenbrock, Thorsten},
	title = {Data Profiling – Effiziente Entdeckung Struktureller Abhängigkeiten},
	booktitle = {BTW 2019},
	year = {2019},
	editor = {Grust, Torsten AND Naumann, Felix AND Böhm, Alexander AND Lehner, Wolfgang AND Härder, Theo AND Rahm, Erhard AND Heuer, Andreas AND Klettke, Meike AND Meyer, Holger} ,
	pages = { 467-476 } ,
	doi = { 10.18420/btw2019-28 },
	publisher = {Gesellschaft für Informatik, Bonn},
} 

@online{lwn.net, 
	title={Static Analysis vs Style Checkers},
	year = "2012",
	author = "gmatht",
	url={https://lwn.net/Articles/483972/}}

 @misc{wiki:Style_Checker,
 	author = "Wikipedia",
 	title = "{Style Checker} --- {W}ikipedia{,} The Free Encyclopedia",
 	year = "2022",
 	howpublished = {\url{http://de.wikipedia.org/w/index.php?title=Style\%20Checker&oldid=162796340}},
 	note = "[Online; accessed 02-November-2022]"
 }
 

@misc{wiki:Lint_Programmierwerkzeug,
	author = "Wikipedia",
	title = "Lint Programmierwerkzeug",
	year = "2022",
	howpublished = {\url{http://de.wikipedia.org/w/index.php?title=Lint\%20(Programmierwerkzeug)&oldid=220987219}},
	note = "[Online; accessed 05-November-2022]"
}


@misc{wiki:Profiler_Programmierung,
	author = "Wikipedia",
	title = "{Profiler (Programmierung)} --- {W}ikipedia{,} The Free Encyclopedia",
	year = "2022",
	howpublished = {\url{http://de.wikipedia.org/w/index.php?title=Profiler\%20(Programmierung)&oldid=211772051}},
	note = "[Online; accessed 08-November-2022]"
}

%Dokumente
@online{java_coding_conventions,
	year = "1997",
	author = "Oracle",
	title = "Code Conventions",
	url={https://www.oracle.com/technetwork/java/codeconventions-150003.pdf}
}

@online{abstractionlevels_img,
	author = "TheCodeBytes",
	year = "2021",
	url ={https://thecodebytes.com/wp-content/uploads/2021/12/low-level-programming-languages.jpg}
}